1773 3032
815 83 1110 131 ...144-

237 201 448 244 dementia
475 203 595 254 insit,
625 204 820 245 ostendit.
879 204 1027 245 Omnis
1059 204 1214 246 horum
1252 206 1444 248 locorum
1481 209 1692 264 interpre-

231 276 338 315 tatio
369 283 433 315 est
463 275 761 330 psychologica
790 285 834 316 et
861 279 1139 332 pragmatica,
1182 279 1257 320 sed
1286 295 1362 331 ea,
1402 297 1524 337 quam
1554 284 1687 325 veris-

235 348 381 388 simam
411 349 579 389 dixeris.
636 349 723 388 Sub
753 363 927 390 examen
955 351 1198 405 rigorosum
1235 363 1412 395 vocatur
1450 355 1606 407 sudas,
1644 363 1693 396 ut

231 421 315 476 ipsi
354 434 407 461 ex
444 422 650 462 confessis
695 430 739 462 et
782 423 994 463 concessis
1033 423 1103 464 flat
1139 426 1205 480 jus
1235 441 1368 468 suum.
1424 429 1519 468 Hoc
1548 436 1689 468 autem

232 509 276 549 p.
321 494 381 535 13.
416 494 533 534 hisce
571 495 742 535 verbis:
777 489 909 543 κακός
950 489 1156 544 θάνατος
1185 492 1210 541 0‘
1239 499 1286 540 ἐκ
1313 500 1366 540 τὲ
1393 504 1561 555 σχοινί3
1597 516 1689 545 πα·

233 565 352 625 ρέσει
378 581 446 607 σοι
453 597 469 617 ,
498 579 594 607 cum
621 567 823 608 historiae
853 581 1083 621 consensu,
1115 579 1180 611 est
1206 573 1535 626 pronuntiatum.

341 641 438 681 Non
477 640 567 680 sine
605 640 791 681 'utilitate
835 642 918 682 erit
941 672 953 694 ‚
1006 657 1254 698 comparare
1303 646 1409 687 hanc
1460 649 1695 689 orationem

234 725 330 753 cum
359 727 431 766 ea,
460 727 585 768 quam
618 715 955 768 Chryso-§tomus
988 717 1041 758 de
1072 717 1225 758 eodem
1253 729 1503 772 argumento
1529 721 1691 774 habuit,

229 800 426 842 quaeque
467 786 509 826 in
553 787 844 840 Chrysostomi
887 789 1080 831 Sermon.
1123 791 1177 830 de
1221 791 1399 832 diversis
1428 795 1477 832 T.
1507 793 1560 836 V.
1591 792 1693 834 edit.

229 858 430 902 Francof.
461 862 596 902 Serm.
628 863 803 902 XXXII.
831 876 874 916 p.
903 861 984 910 406
1012 885 1064 894 —-
1091 864 1174 910 418
1203 863 1361 917 legitur
1388 865 1444 917 *).
1504 864 1693 905 Docebit

231 934 337 975 haec
379 935 667 988 comparatio,
714 935 1066 989 chrysostomum
1102 945 1292 976 nostrum
1330 936 1561 977 Eusebium
1599 947 1696 978 ante

231 1008 379 1048 oculos
411 1008 606 1050 habuisse
637 1011 813 1064 ejusque
843 1009 1100 1050 imitatorem
1127 1019 1244 1050 recte
1275 1010 1372 1050 dici.
1402 1011 1531 1051 Certe
1550 1011 1692 1051 locum

229 1078 284 1118 de
313 1080 541 1134 proditore
571 1081 780 1122 simillimo
810 1082 938 1122 modo
968 1091 1145 1133 tractat,
1181 1092 1224 1123 et
1255 1085 1455 1124 Nostrum
1483 1097 1569 1123 non
1598 1082 1695 1134 nisi,

229 1159 279 1190 ut
319 1160 490 1192 veteres
525 1153 740 1194 Rhetores
783 1153 956 1206 dicunt,
997 1148 1279 1210 κοσμήματι,
1323 1154 1693 1213 ἐπιχωματισμῷ,

228 1220 462 1281 ἐπιιτῗξησει
501 1236 545 1267 et
592 1226 838 1284 πλατυσμῷ
875 1237 1063 1282 superat.
1139 1228 1185 1267 Si
1223 1229 1306 1282 jam
1346 1229 1502 1268 Noster
1552 1230 1696 1271 verbis

227 1301 386 1342 Judae:
417 1300 460 1344 τί
487 1300 643 1344 θέλετὲ
670 1318 751 1357 μοι
784 1301 913 1344 &gasat
950 1302 1126 1342 nimium
1156 1301 1348 1341 inhaeret
1381 1301 1517 1357 iisque
1545 1303 1597 1343 ad
1625 1317 1696 1344 ex-

228 1375 490 1415 clamandum
520 1385 564 1416 et
592 1377 908 1417 declamandum
939 1376 1149 1416 abutitur:
1180 1376 1281 1430 quid
1309 1375 1361 1414 de
1392 1373 1693 1428 Chrysostomo

227 1447 442 1498 dicemus,
473 1448 545 1503 qui
575 1450 625 1488 ad
654 1463 848 1490 nauseam
877 1464 1012 1505 usque
1040 1449 1146 1489 haec
1175 1448 1307 1489 verba
1338 1456 1464 1502 urget
1487 1477 1498 1498 ‚
1532 1461 1696 1488 omnes-

216 1523 311 1579 ‘que
342 1520 460 1577 quasi
489 1519 643 1574 figuras
672 1522 907 1563 rhetoricas
945 1523 988 1562 in
1026 1522 1095 1561 illa
1134 1519 1388 1574 profundit?
1448 1520 1545 1581 Quo
1579 1535 1692 1561 com-

227 1605 376 1652 parato
406 1594 605 1634 Emeseni
634 1596 882 1636 modestiam
919 1604 963 1636 et
1002 1594 1299 1649 parsimoniam
1338 1594 1383 1633 in
1424 1592 1694 1634 declamando

228 1677 274 1709 et
303 1668 597 1724 exaggerando
630 1668 891 1707 mirabimur.

390 1761 459 1801 De
491 1761 664 1815 singulis
693 1774 826 1814 pauca
854 1760 1076 1800 monenda.

342 1836 382 1887 ι)
412 1836 462 1874 Ρ.
493 1850 552 1875 ιι.
591 1828 661 1876 Τό
679 1849 706 1876 ν
735 1832 983 1889 ποιητήν
1011 1835 1071 1875 τὲ
1097 1829 1247 1890 μύρε
1268 1832 1357 1876 καὶ
1386 1825 1696 1887 δεσπότην·

228 1907 418 1947 Adhibet
447 1908 490 1947 in
528 1922 601 1947 sua
645 1907 1005 1948 demonstratione
1045 1901 1150 1949 καθ’
1188 1906 1433 1964 ἄνθρωπον
1485 1905 1694 1960 gradatio-

229 1992 327 2018 nem
357 1970 379 2019 a
407 1979 564 2019 minori
603 1979 655 2018 ad
696 1980 842 2034 1najuS.
902 1979 1142 2030 Christum,
1181 1993 1306 2034 quem
1346 1993 1456 2019 nunc
1493 1979 1697 2034 unguenti

230 2060 469 2094 creatorem
498 2067 546 2093 ac
575 2053 806 2093 Dominum
839 2061 988 2106 vocat,
1027 2068 1124 2094 mox
1153 2062 1349 2109 tanquam
1387 2046 1612 2107 δεσπότην
1639 2051 1694 2095 τὲ

298 2292 338 2335 ⁴*)
365 2292 513 2327 Titulus
549 2294 696 2339 plenior
730 2299 802 2328 cst:
850 2292 915 2330 Εἷς
947 2292 1015 2340 τήν
1044 2293 1240 2339 προδοσίαν
1273 2292 1316 2330 ‘cix'
1339 2293 1456 2339 Ἰἐὸα,
1491 2298 1549 2330 καὶ
1573 2291 1622 2330 εἷς
1649 2291 1694 2330 *td

363 2355 512 2402 Πάσχα,
551 2365 610 2395 καὶ
643 2358 691 2395 εἷς
721 2356 789 2405 ’τήν
815 2359 1016 2405 παράδοσιν
1040 2358 1111 2397 τοῖν
1137 2363 1358 2406 μυστηρίων,
1385 2365 1443 2394 καὶ
1465 2363 1547 2404 περὶ
1571 2355 1614 2393 τὲ
1638 2354 1692 2403 μή

366 2425 578 2470 μνησιακεῖν
606 2424 832 2467 (meminisse
861 2427 1109 2471 injuriarum),
1161 2423 1216 2474 Τῇ
1241 2423 1323 2471 ἁγίᾳ
1348 2429 1406 2459 καὶ
1431 2420 1569 2470 μεγάλῃ
1601 2435 1693 2458 πεν-

362 2486 455 2523 τάὸι.
505 2491 557 2523 Ex
603 2502 676 2537 quo
715 2491 826 2524 simul
860 2497 1118 2536 argumentum
1156 2491 1267 2535 hujus
1301 2490 1380 2524 diei
1433 2489 1692 2523 homileticum

363 2555 631 2599 cognoscimus.
