1773 3032
645 129 939 175 ..135-

62 259 290 307 utrumque
317 247 568 291 vocabulum
594 262 680 291 non
707 250 788 290 nisi
815 251 868 291 de
896 251 994 291 Deo
1022 248 1093 291 vel
1131 247 1305 291 Christo
1350 250 1521 291 adhibe-

62 333 147 367 tur.
192 324 249 371 ‚Si
276 321 330 363 de
358 322 565 377 episcopo
595 323 910 378 accipiendum,
943 336 1029 363 non
1069 317 1218 379 κύριε,
1260 323 1336 363 sed
1376 317 1519 379 πιέτερ

63 396 228 451 (addito
259 396 383 436 etiam
414 390 537 451 ἅγιε,
584 396 651 436 vel
678 390 890 453 μακάριε)
932 394 1083 436 fuisset
1123 396 1381 449 ponendum.
1439 400 1525 439 No-

63 479 219 513 strum:
248 465 451 511 Δέσποτα
472 462 712 525 εύλόγησον
740 471 853 511 idem
894 470 975 510 sibi
1013 470 1123 521 vult,
1168 484 1292 524 quam
1331 473 1526 513 Doxolo-

63 543 152 598 gia:
182 535 420 600 εὐλογητὸς
453 541 478 584 0‘
511 543 641 594 Θεός,
674 545 726 584 de
759 546 878 599 cujus
904 560 982 585 usu
1005 545 1207 584 videndus
1231 543 1522 598 chrysostom.

58 613 187 656 Hom.
214 625 314 671 post
342 618 468 662 redit.
498 619 548 660 T.
578 619 630 662 V.
659 633 702 673 p.
733 632 826 674 912.
857 619 924 658 ed.
954 616 1154 658 Francof.

170 689 216 742 2)
245 689 444 730 Formula
494 691 734 746 alloquendi
785 690 999 731 auditores
1051 690 1095 730 in
1134 699 1281 731 nostra
1331 690 1523 730 oratione

61 763 213 813 deest3
243 762 285 802 in
314 765 406 804 aliis
436 772 576 804 autem
606 773 670 805 est
701 766 880 819 simplex
909 766 979 804 illa
1008 772 1052 805 et
1078 764 1252 804 biblica:
1295 757 1523 819 (ι’γατητοῖ,

58 834 129 876 vel
170 834 238 876 ὐἱὲ
270 850 334 890 με
376 830 600 894 α’γαπητὲ,
640 838 860 877 colleetivc
903 851 985 891 pro
1025 835 1114 880 ὐἱοὶ
1154 830 1402 892 ιῖγαπητοὶ,
1438 849 1526 876 non

56 909 193 950 minus
222 908 400 963 biblica,
429 927 510 967 qua
539 912 664 951 etiam
692 911 832 950 Latini
860 920 1065 951 utuntur:
1093 913 1398 961 Dilectissz'mi,
1419 909 1524 966 filii

59 983 144 1022 mei
171 982 322 1024 dilecti
352 993 432 1025 etc.
485 985 654 1025 Doctor
684 984 934 1024 christianus
967 992 1031 1024 est
1059 978 1223 1040 πατήρ,
1247 999 1392 1025 omnes
1421 999 1522 1026 suos

0 1092 3 1094 .
57 1057 274 1114 auditores
302 1065 496 1112 tanquam
525 1051 624 1104 ὐἷές
650 1058 678 1096 i.
710 1070 746 1096 e.
777 1056 1008 1110 discipulos
1037 1056 1234 1112 filiosque
1262 1057 1436 1097 habens.
1474 1058 1525 1096 In

57 1144 111 1172 eo
141 1130 350 1171 differunt
378 1131 702 1172 concionatores
731 1130 840 1170 sacri
870 1129 921 1170 ab
954 1129 1195 1171 oratoribus
1223 1130 1428 1184 profanis,
1451 1131 1526 1187 qui

55 1217 276 1244 semones
319 1217 418 1244 suos
449 1204 501 1243 ad
538 1205 774 1244 Auditor-es
812 1203 1020 1257 dirigunt,
1067 1211 1111 1243 et
1140 1203 1254 1243 haud
1299 1218 1398 1244 raro
1432 1204 1522 1258 epi-

55 1278 175 1318 theta
204 1279 420 1319 ornantia:
449 1278 787 1330 Spectacissimi,
812 1276 1170 1329 Splendidissimi
1200 1284 1243 1316 et
1274 1275 1338 1316 his
1371 1276 1524 1317 similia

59 1350 219 1392 addere
251 1352 401 1391 solent.
430 1351 660 1391 Rarissime
692 1351 892 1390 doctores
924 1349 1140 1390 christiani
1171 1350 1222 1390 ab
1252 1350 1329 1390 hac
1356 1349 1520 1403 simpli·

57 1424 184 1463 citate
214 1432 258 1463 et
288 1423 490 1478 dignitate
521 1423 805 1463 ecclesiastica
835 1430 878 1461 et
905 1423 1107 1476 pastorali
1135 1431 1421 1462 recesserunt.

162 1496 210 1548 3)
238 1499 286 1538 P.
317 1499 356 1539 3.
387 1490 562 1538 πάλιν
590 1489 849 1555 σήμερον
879 1497 1213 1552 ἐρευνῆσαι.
1247 1495 1357 1535 Illud
1382 1484 1522 1537 πάλιν

53 1570 123 1612 vel
152 1571 478 1611 anniversariam
515 1570 825 1610 solemnitatem
863 1574 1184 1619 recurrentem3
1229 1567 1299 1609 vel
1338 1582 1521 1610 comme·

53 1642 336 1683 morationem
389 1641 668 1683 combinatam
714 1650 759 1682 et
787 1643 1026 1696 copulatam
1066 1640 1236 1680 indicat.
1293 1641 1516 1694 Ejusmodi

55 1715 386 1756 combinationes
419 1716 613 1770 pluribus
645 1716 806 1765 diebus,
832 1717 1025 1769 inprimis
1049 1715 1307 1768 septimanae
1332 1728 1521 1768 magnae,

53 1786 184 1828 fuisse
224 1788 267 1828 in
307 1803 410 1840 usu,
449 1790 577 1830 multa
619 1798 829 1829 testantur
871 1789 1089 1843 exempla,
1120 1786 1172 1826 de
1203 1785 1356 1840 quibus
1388 1800 1521 1842 expo-

54 1859 210 1900 suimus
240 1864 283 1900 in
309 1861 450 1902 libro:
479 1863 923 1915 Denkwa'mligkeiten
954 1877 1036 1902 aus
1064 1861 1143 1900 der
1174 1862 1263 1900 clzr.
1295 1862 1522 1901 Archaeo-

55 1934 168 1988 logie
196 1937 245 1974 Τ.
274 1934 324 1972 11.
356 1949 398 1988 p.
428 1936 482 1982 34
514 1949 630 1990 seqq.
664 1951 702 1989 p.
734 1923 811 1976 302
845 1948 962 1991 seqq.
994 1933 1291 1974 Solemnitates
1323 1941 1367 1973 et
1405 1946 1520 1973 com-

52 2005 381 2046 memorationes
409 2007 444 2045 F
448 2007 562 2049 eriae
593 2009 669 2059 V.,
699 2016 748 2047 ut
776 2022 905 2062 supra
946 2007 1105 2047 dictum
1134 2016 1222 2059 est,
1263 2016 1383 2047 erant
1416 2021 1519 2061 pro-

53 2075 195 2130 priae:
233 2078 272 2130 1)
312 2079 510 2120 Proditio
540 2080 687 2120 Judae.
745 2081 788 2133 2)
821 2080 1099 2122 Pedilavium.
1157 2081 1206 2131 3)
1236 2080 1514 2120 Eucharistia.

53 2150 101 2189 Iu
140 2149 319 2190 ecclesia
362 2152 647 2207 antiquissima
686 2154 823 2193 rarius
862 2155 916 2195 de
957 2167 1076 2195 sacra
1117 2167 1271 2208 coena,
1307 2167 1432 2210 quam
1462 2153 1515 2193 de

53 2221 299 2277 proditione
327 2225 460 2266 Judae
489 2234 628 2269 actum
656 2235 721 2269 est
748 2227 807 2282 ἢ.

369 2354 480 2361 ...—

120 2432 158 2476 ²)
185 2433 371 2479 Tempore
398 2434 522 2470 adhuc
547 2436 803 2482 Chrysostomi
827 2434 851 2483 ἧ
874 2436 1050 2485 προδοσία
1075 2434 1119 2474 ‘cis'
1144 2434 1242 2474 Ἰέὸα
1259 2437 1386 2472 thema
1403 2435 1516 2473 huius

192 2498 269 2532 dici
301 2504 380 2533 crat
406 2502 629 2548 principale.
663 2503 716 2537 Cf.
745 2503 932 2548 Chrysost.
960 2504 1056 2550 Opp.
1083 2505 1128 2543 T.
1152 2507 1197 2538 11.
1224 2517 1259 2551 p.
1285 2501 1364 2538 376.
1385 2515 1421 2548 p.
1437 2501 1512 2535 720.

191 2563 251 2598 ed.
282 2566 416 2600 Montf.
443 2568 484 2601 In
513 2569 651 2601 Leonis
677 2569 817 2602 Λίίαιίί
839 2569 993 2611 Dissert.
1021 2568 1068 2602 dc
1107 2569 1257 2604 Domin.
1292 2573 1331 2603 et
1368 2567 1515 2602 hebdo-

182 2629 279 2665 mad.
307 2633 433 2668 Gracc.
462 2633 558 2667 Edit.
592 2635 718 2668 Colon.
750 2633 848 2670 1648.
875 2633 906 2668 4.
935 2649 968 2682 p.
999 2633 1098 2670 1447.
1134 2647 1179 2671 ex
1217 2635 1360 2670 Isidoro
1403 2625 1514 2670 Pelu-
1572 2629 1577 2635 ⁸
