1913 3073
658 173 925 217 -81-

176 297 238 335 An
268 293 464 334 Emeseni
492 306 541 332 re
570 305 670 332 vcra
701 291 876 332 Eusebii
913 289 996 345 τήν
1035 282 1390 344 μαθηματικήν,
1431 288 1518 326 sive

67 370 146 424 τῆς
184 364 480 423 α’στρονσμίας
516 364 566 407 τό
609 364 742 421 μέρος
782 356 1217 418 ιε’ποτελεσ,ιιιιτικόν,
1258 361 1521 410 horruerint,

70 459 120 483 an
152 443 290 497 potius
320 441 403 480 hoc
432 447 656 479 uterentur
695 445 937 492 praetextu,
980 437 1076 491 quia
1115 434 1333 488 Episcopo
1364 449 1385 474 a
1415 435 1524 474 Con-

72 517 167 556 cilio
209 516 348 555 electo
386 521 569 567 propter
609 511 818 565 principia
856 510 1088 565 dogmatica
1128 510 1172 548 in
1210 522 1332 549 causa
1374 506 1525 545 Ariana

70 589 204 628 minus
242 586 461 638 favebant,
489 600 572 626 non
602 586 747 640 liquet.
802 586 897 624 Hoc
932 592 1073 624 tamen
1112 583 1289 633 scimus,
1329 591 1424 620 eum
1462 578 1526 617 fu⁴

69 662 151 701 isse
196 661 322 714 paulo
363 668 462 714 post
503 658 747 697 restitutum
786 665 912 711 atque
955 655 1255 699 introductum.
1327 653 1528 692 Socrates

73 733 207 783 enim,
238 732 527 772 consentiente
559 731 827 780 Sozomeno‚
855 737 1023 770 narrat:
1084 724 1229 774 Οὗτος
1265 720 1530 782 (Γεοὶργισς)

73 802 120 846 δὲ
151 797 290 846 αὐτόν
322 804 383 850 εἷς
420 795 503 857 τήν
539 797 823 859 ὶΑντιόχειαν
860 796 1157 856 καταστήσας,
1201 794 1531 854 παρεσκεύασεν

76 872 214 924 αὖθις
241 871 332 918 ὑπό
358 876 562 918 Πλακίτα
592 876 680 928 (alii
707 883 860 915 vocant
890 889 985 915 eum
1015 875 1255 928 Flacillum)
1294 872 1367 915 καὶ
1399 873 1533 929 Λταρ-

73 949 194 992 κίσσα
226 951 507 1007 καταχθῆναι
538 951 599 997 εἰς
624 948 836 1003 ”Εμισαν.
894 950 1014 987 Nunc
1043 948 1174 1003 igitur
1219 947 1269 985 ab
1313 947 1533 986 Emesenis

76 1025 299 1075 admissus,
348 1038 429 1079 per
469 1023 601 1063 breve
657 1028 816 1061 tantum
856 1029 1024 1075 tempus
1065 1028 1258 1074 tanquam
1299 1017 1535 1066 ἐπίσκοπος

72 1091 316 1154 σχολάζων,
361 1098 505 1153 quales
561 1096 633 1136 illo
683 1108 786 1136 aevo
828 1103 913 1134 tam
940 1093 1060 1133 multi
1103 1093 1303 1145 fuerunt,
1343 1109 1364 1134 a
1392 1106 1536 1133 munc-

74 1173 134 1212 ris
166 1171 417 1226 episcopalis
447 1170 650 1209 exercitio
679 1182 846 1209 vacasse
874 1167 1058 1209 videtur.

185 1245 255 1287 lv.
287 1245 422 1305 Quam
451 1243 521 1282 (liu
551 1245 592 1281 in
621 1240 698 1280 hac
728 1240 909 1281 statione
938 1239 1151 1290 manserit,
1167 1239 1268 1294 quid
1295 1237 1354 1279 ibi
1385 1239 1538 1295 egerit,

77 1324 121 1357 et
151 1330 256 1372 quae
288 1325 488 1371 expertus
528 1315 582 1354 sit
621 1313 726 1365 fata,
777 1314 1018 1354 narratione
1074 1315 1270 1353 continua
1309 1315 1538 1354 memoriae

78 1404 164 1430 non
204 1397 268 1429 est
306 1388 537 1443 proditum.
608 1388 714 1427 Sunt
743 1396 882 1428 tamen
920 1387 1097 1427 notitiae
1129 1387 1254 1438 duae,
1298 1401 1321 1427 e
1362 1387 1538 1442 quibus,

81 1463 212 1517 qualis
261 1461 353 1515 ejus
400 1458 534 1499 fuerit
578 1460 788 1511 conditio,
834 1459 1079 1513 conjectura
1117 1459 1228 1500 haud
1269 1459 1538 1515 improbabili

79 1545 223 1590 potest
253 1533 419 1589 assequi
447 1534 597 1573 lector.

188 1608 334 1647 Primo
365 1607 561 1648 Socrates
602 1608 738 1647 addit:
784 1597 936 1650 Πάλιν
977 1622 1025 1648 τε
1063 1606 1243 1663 μέμψιν
1281 1599 1541 1662 ΰπσμεῖιναι,

83 1674 139 1728 οἷς
168 1676 220 1722 τά
253 1680 545 1736 Σαβελλίθ
583 1681 809 1737 φρονὲντα
846 1673 998 1723 αὐτόν·
1030 1679 1099 1721 καὶ
1129 1678 1184 1721 ‘ccc'
1213 1681 1299 1734 μὲν
1328 1678 1430 1735 περὶ
1460 1681 1539 1735 τῆς

86 1749 387 1802 καταστάσεως
446 1751 581 1805 αὖτέ,
634 1752 910 1808 -;·ι’λατῦτερον
963 1751 1197 1807 διεξῆλθεν
1238 1748 1263 1797 ot
1304 1752 1348 1795 Γ
1351 1747 1540 1810 εώργισς.

85 1829 213 1892 Quod
242 1831 292 1870 ad
320 1831 506 1870 ultimam
535 1829 785 1870 narrationis
814 1838 979 1883 partem
1007 1829 1178 1878 attinet,
1209 1836 1353 1867 utrum
1392 1826 1542 1866 Socra-

83 1911 148 1943 tes
178 1903 231 1943 de
261 1904 394 1958 prima
423 1902 740 1943 introductione
774 1902 881 1957 (sive
925 1903 1245 1950 installatione,
1286 1906 1334 1939 ut
1362 1898 1544 1953 scripto-

86 1989 155 2016 res
185 1977 312 2017 medii
341 1976 434 2017 aevi
470 1976 614 2017 dicere
645 1976 804 2033 sqlent)
822 2004 833 2026 ‚
873 1990 952 2030 per
981 1974 1186 2015 Placitum
1216 1982 1258 2013 et
1288 1972 1542 2026 Narcissum,

91 2063 140 2087 an
171 2048 222 2088 (le
262 2062 372 2088 nova
400 2048 577 2103 quadam
605 2059 703 2104 post
733 2050 1033 2090 liberationem
1064 2048 1113 2088 ab
1153 2046 1418 2088 accusatione
1457 2048 1544 2088 Sa-

91 2120 354 2161 bellianismi
392 2136 512 2162 causa
559 2121 692 2172 facta,
749 2123 976 2177 loquatur,
1024 2122 1067 2161 in
1106 2121 1234 2161 dubio
1274 2118 1543 2173 relinquitur.

88 2193 237 2247 Neque
268 2208 317 2234 ex
346 2196 573 2237 Sozomeni
602 2196 770 2247 verbis,
809 2196 880 2250 qui
912 2197 963 2235 de
995 2194 1142 2235 eadem
1170 2193 1434 2235 accusatione
1464 2200 1545 2233 tra-

90 2264 175 2316 dit,
210 2266 262 2305 de
290 2265 449 2321 liquido
480 2277 654 2309 constat.
723 2272 860 2324 Ipsam
899 2278 1037 2309 tamen
1087 2268 1389 2308 sabellianismi
1426 2280 1543 2306 accu-

90 2339 293 2380 sationem
335 2339 552 2396 (μέμψιν)
595 2356 647 2383 ex
675 2342 830 2382 invidia
862 2336 1063 2398 (φθόνῳ)
1103 2342 1308 2396 prolatam
1339 2355 1457 2391 esse,
1489 2339 1545 2381 af-

87 2410 236 2452 firmat.
302 2415 392 2455 Nec
433 2416 553 2455 aliter
591 2415 791 2470 profecto
844 2415 1136 2466 statuendum,
1180 2415 1259 2454 nisi
1302 2428 1546 2468 supponere

89 2485 218 2536 velis,
262 2487 493 2527 Eusebium
549 2488 688 2530 subito
733 2498 875 2542 partes
915 2498 1122 2538 mutasse,
1184 2495 1227 2526 et
1269 2486 1323 2530 ab.
1358 2487 1545 2537 Arianis‚

32 2570 37 2575 ¹
91 2559 241 2612 quibus
272 2560 396 2600 etiam
424 2560 684 2613 Hieronymo
713 2569 823 2601 teste
853 2561 1226 2611 annumerabatur,
1256 2561 1308 2600 ad
1337 2559 1545 2602 Nicaenos

91 2632 282 2688 adeoque
313 2634 611 2676 Athanasianos
641 2634 872 2674 transiisse.
902 2636 1006 2674 Nam
1037 2634 1079 2672 hi
1111 2642 1244 2687 erant,
1275 2648 1380 2688 quos
1402 2635 1544 2675 Ariani

1181 2710 1211 2758 6
