1773 3032
651 101 946 145 —175—

70 224 287 282 sequentia
315 221 574 263 tribuuntur.
602 223 705 262 Nam
733 235 817 261 non
846 229 942 261 sunt
970 220 1101 262 verba
1127 220 1301 262 Davidis
1331 233 1384 261 ex
1411 220 1525 260 Psal-

69 301 168 348 mis,
211 297 284 338 set]
325 295 455 337 verba
483 296 657 336 Iesaiae
697 294 945 348 Prophetae
984 307 1019 334 c.
1059 294 1188 336 XLV.
1228 307 1264 333 2.
1307 302 1349 333 et
1394 294 1528 333 Pauli

69 371 266 424 Apostoli
302 386 313 408 ι
350 370 447 413 Cor.
479 372 569 412 XV.
599 371 664 412 55.
696 369 897 410 Videmus
927 369 1008 408 hoc
1040 369 1255 422 exemplo,
1287 383 1408 423 quam
1438 368 1520 408 late

68 452 210 498 pateat
255 458 386 484 nexus
427 445 583 484 veteris
626 452 668 483 et
700 443 798 483 novi
829 442 1084 482 testamenti.
1143 443 1387 497 Prophetae
1419 444 1524 484 utri-

68 531 200 573 usque
239 517 427 557 foederis
469 518 528 564 εἰς
568 516 619 558 τό
660 521 708 558 ἕν
749 517 852 566 εἶσι,
903 518 942 557 h.
985 531 1020 556 e.
1073 516 1260 556 efficiunt
1309 532 1436 557 unum
1483 526 1526 557 et

69 604 290 630 commune
322 591 630 641 testimonium,
671 604 912 644 eorumque
948 591 1160 645 interpres
1206 599 1329 644 atque
1372 604 1418 630 os
1459 598 1523 630 est

70 664 219 704 David.

178 739 226 777 P.
258 740 322 779 28.
360 736 472 780 Τόν
512 731 792 793 διάβολον
825 736 1026 793 ἔδησεν
1055 748 1132 779 etc.
1189 737 1383 790 Respicit
1420 738 1525 779 haec

68 813 253 852 narratio
287 814 403 853 locos
433 815 518 853 Jes.
549 815 697 855 LXVI.
740 822 801 859 24.
844 813 1017 866 Apocal.
1055 814 1146 852 XII.
1187 813 1277 850 XX.
1323 812 1524 866 aliosque,

68 884 143 923 ubi
173 884 224 924 de
255 899 391 938 poena
421 894 464 926 et
492 886 592 925 sede
623 885 813 926 infernali
835 885 1005 925 Diaboli
1035 893 1098 924 est
1127 898 1280 923 sermo.
1315 885 1361 922 In
1389 886 1525 924 Evan-

68 958 181 1011 gelio
221 958 442 998 Nicodemi
485 974 593 999 vers.
634 960 746 999 latin.
787 973 821 999 c.
866 960 1013 998 XXIII.
1058 973 1101 1012 p.
1138 959 1222 1003 134.
1262 958 1317 997 ita
1346 957 1526 996 relatum

74 1033 256 1086 legitur:
291 1034 375 1082 „Et
406 1047 498 1072 cum
527 1033 780 1087 loqueretur
808 1033 1014 1085 Princeps
1044 1029 1279 1069 inferorum
1308 1030 1359 1068 ad
1387 1030 1525 1080 Satan,

66 1112 166 1145 tunc
196 1107 289 1144 Rex
321 1106 482 1160 gloriae
513 1105 616 1145 dixit
647 1107 696 1145 ad
725 1107 862 1159 ipsum
890 1105 1129 1159 principem
1169 1102 1405 1142 inferorum
1445 1104 1528 1142 Be-

68 1176 292 1216 elzebub:
322 1178 417 1218 Erit
447 1178 570 1217 Satan
598 1178 798 1232 princeps
827 1177 903 1217 sub
934 1186 1144 1232 potestate
1186 1185 1254 1216 tua
1292 1176 1332 1217 in
1372 1188 1527 1229 perpe-

67 1258 138 1290 tua
177 1251 341 1290 saecula
390 1251 639 1292 substitutus
679 1252 721 1291 in
762 1252 901 1292 locum
947 1253 1062 1291 Adae
1114 1260 1158 1292 et
1210 1250 1395 1291 filiorum
1437 1247 1528 1302 ejus

70 1323 283 1378 justorum
311 1327 549 1365 meorum.“
