1773 3032
896 601 1002 654 III.

265 730 520 778 ORATIO
554 734 635 777 IN
662 734 955 781 SACRUM
980 736 1420 783 PARASCEVES
1447 738 1650 783 DIEM.

930 952 967 994 I.

218 1057 301 1097 DE
345 1057 589 1097 DUABUS
630 1058 827 1097 HUJUS
874 1059 1208 1099 ORATIONIS
1255 1061 1672 1102 EDITIONIBUS.

217 1227 443 1310 Cuilibet
477 1269 543 1309 vel
573 1268 712 1309 obiter
743 1268 903 1322 legenti
933 1268 1071 1308 statim
1100 1269 1143 1308 in
1174 1269 1319 1310 oculos
1351 1270 1542 1311 incurret
1569 1272 1674 1313 mira

213 1341 284 1381 illa
324 1341 546 1395 utriusque
592 1340 794 1381 orationis
837 1340 1109 1381 conformitas
1156 1350 1200 1381 et
1233 1343 1527 1394 consonantia,
1566 1358 1673 1398 quae

213 1414 305 1455 talis
337 1422 427 1466 est,
458 1423 505 1454 ut
536 1415 587 1454 de
619 1413 840 1452 identitate
873 1417 1108 1467 argumenti
1138 1424 1261 1470 atque
1294 1417 1476 1456 auctoris
1515 1417 1674 1458 nullum

211 1488 347 1542 possit
386 1501 477 1527 esse
525 1487 712 1526 dubium.
770 1488 1030 1539 Repetamus
1068 1497 1226 1539 autem,
1260 1502 1354 1527 cum
1383 1489 1561 1529 meliora
1589 1503 1674 1529 non

213 1560 461 1610 habeamus,
504 1571 610 1613 quae
653 1558 696 1596 in
738 1558 875 1611 prima
907 1567 1050 1598 nostra
1089 1560 1275 1599 editione
1320 1562 1373 1613 (a.
1412 1563 1528 1601 1820.
1558 1564 1598 1607 4.
1628 1575 1671 1614 p.

212 1637 242 1681 4
268 1657 323 1665 ·-—
351 1634 410 1686 b.)
449 1632 501 1671 (le
538 1631 615 1670 hac
656 1631 927 1671 consonantia
966 1631 1277 1684 adnotavimus,
1318 1633 1529 1687 adspersis
1569 1646 1674 1673 non·

211 1707 359 1758 nullis,
393 1720 498 1761 quae
528 1704 690 1744 iteratis
719 1705 831 1743 curis
861 1703 1153 1758 probabiliora
1182 1716 1274 1744 esse
1304 1704 1516 1745 videntur.

315 1781 430 1819 Duas
462 1793 513 1819 ex
539 1778 755 1818 Lambecii
784 1786 827 1817 et
858 1778 1038 1817 Nesselii
1078 1778 1284 1818 relatione
1351 1787 1669 1831 exspectavera-

210 1867 303 1893 mus
346 1866 498 1907 easque
541 1852 727 1892 diversas
768 1851 994 1890 orationes.
1068 1850 1154 1890 Sed
1192 1850 1265 1891 en!
1313 1851 1420 1902 duo,
1464 1864 1570 1906 quos
1608 1850 1669 1889 illi

210 1925 404 1975 laudant,
444 1924 639 1974 codices,
680 1938 802 1963 unam
846 1923 1105 1977 eandemque
1152 1924 1371 1975 exhibent,
1420 1924 1477 1963 ita
1527 1932 1668 1963 tamen

210 1999 425 2048 variatam,
454 2006 500 2036 ut
529 1996 628 2036 (luas
658 1997 780 2036 unius
814 1995 1089 2050 eiusdemque
1120 1997 1355 2050 argumenti
1389 1996 1511 2036 facile
1541 2007 1667 2048 agno-

211 2087 299 2114 scas
329 2071 612 2112 tractationes.
672 2071 716 2109 In
747 2069 893 2122 aprico
926 2077 1012 2120 est,
1055 2069 1154 2108 duas
1183 2070 1250 2110 hic
1281 2070 1471 2110 exhiberi
1517 2071 1667 2110 editio-

210 2159 300 2195 nes,
330 2158 506 2199 quarum
535 2158 615 2182 una
644 2143 775 2182 multo
807 2142 1032 2196 prolixior,
1054 2142 1270 2196 copiosior
1299 2145 1423 2196 atque
1455 2143 1666 2194 ommim-3

210 2220 340 2259 altera
370 2226 506 2257 auten}
537 2216 716 2255 brevior
749 2224 791 2254 ct
823 2215 1069 2254 concinnior
1100 2222 1175 2254 cst.
1222 2216 1317 2253 Non
1349 2215 1438 2254 sine
1471 2217 1664 2268 exemplo

210 2299 306 2331 sunt
336 2289 540 2344 ejusmodi
572 2289 762 2342 duplices
792 2288 1027 2335 editiones,
1058 2287 1166 2336 sive,
1197 2295 1243 2326 ut
1273 2288 1492 2326 Nostrates
1522 2287 1666 2326 dicere

210 2372 422 2413 amarunt,
462 2363 762 2412 recensiones,
805 2374 899 2400 cum
940 2360 1051 2414 apud
1087 2360 1320 2413 scriptores
1358 2360 1563 2414 profanos
1604 2362 1663 2413 (e.

209 2450 273 2490 gr.
305 2435 602 2487 Ciceronem),
641 2442 730 2473 tum
770 2432 881 2486 apud
919 2433 1066 2471 Patres
1097 2432 1434 2479 ecclesiasticos,
1463 2447 1565 2487 prae
1597 2448 1665 2474 ce-

209 2507 313 2547 teris
344 2515 481 2546 autem
511 2506 620 2560 apud
652 2504 909 2558 Origcncm,
953 2505 1209 2558 Gregorium
1248 2507 1372 2555 Nam,
1417 2506 1663 2558 Chrysosto-

207 2594 320 2619 muni
352 2580 549 2634 aliosque.
610 2579 804 2620 Pertinet
833 2578 915 2618 huc
945 2590 1116 2632 quoque
1146 2577 1299 2631 duplex
1327 2577 1458 2617 editio
1489 2578 1661 2631 Episto—
