1913 3073
733 336 847 421 A.

153 515 601 602 Fraymenta
649 512 1006 600 exegetica
1054 530 1144 575 ex
1215 510 1293 576 V.
1347 506 1429 574 T.

768 738 814 792 Ι.

248 879 547 954 ‚Excerpta
589 897 659 930 ex
710 879 929 928 Calena,
971 874 1034 927 in
1081 870 1344 925 Genesin.

115 1009 149 1050 I·
205 992 324 1060 Cat.
362 1025 456 1066 pag.
488 1012 552 1052 30.
594 1024 724 1067 super
764 1012 870 1050 Gen.
902 1011 931 1048 Ι.
962 1008 999 1049 6.
1041 1008 1245 1047 Eusebius
1282 1006 1522 1045 Emesenus.

61 1082 306 1144 Quaeritur,
328 1093 469 1124 utrum
498 1085 714 1123 luminaria
747 1099 793 1123 ae
823 1083 966 1122 stellae
998 1081 1106 1120 infra
1136 1080 1302 1119 coelum
1333 1076 1524 1117 distantia

63 1163 231 1189 cursum
264 1160 490 1205 peragant,
521 1166 569 1190 an
601 1152 719 1190 coelo
751 1150 828 1189 fixa
860 1150 962 1199 sint,
1004 1163 1053 1187 an
1084 1147 1215 1187 veluti
1253 1146 1440 1185 viatores
1481 1145 1524 1182 in

64 1217 186 1255 coelo
219 1215 301 1256 iter
332 1217 518 1257 faciant?
575 1219 636 1257 Ac
670 1217 702 1255 si
733 1217 904 1270 quidem
937 1215 1141 1269 [quidam]
1183 1211 1380 1260 dixerint,
1411 1209 1524 1250 infra

65 1282 230 1321 coelum
261 1296 457 1333 currere,
502 1283 667 1322 audiant
707 1283 973 1327 Homerum,
1002 1280 1113 1332 apud
1143 1292 1268 1333 quem
1301 1277 1364 1316 sol
1395 1291 1417 1316 e
1447 1276 1525 1315 ssu-

64 1348 172 1386 entis
205 1347 366 1387 Oceani
397 1350 446 1387 ad
485 1349 671 1388 medium
710 1348 875 1388 coelum
918 1345 1159 1394 adscendit,
1202 1345 1354 1384 deinde
1397 1356 1525 1382 cursu

64 1412 282 1460 consecto,
315 1413 480 1454 occidit.
540 1415 687 1467 Neque
718 1414 818 1453 item
850 1412 971 1452 coelo
1006 1410 1085 1450 fixa
1132 1411 1214 1449 dici
1244 1418 1445 1464 possunt,
1476 1422 1526 1447 ea

64 1478 175 1516 enirn
205 1478 369 1517 ratione
398 1479 575 1517 alterum
607 1480 740 1517 altero
771 1492 981 1531 nunquam
1015 1476 1204 1516 velocius
1234 1484 1369 1525 esset,
1410 1474 1526 1528 quod

62 1550 202 1583 tamen
242 1544 346 1583 adeo
387 1543 662 1597 perspicuum
693 1551 780 1592 est,
819 1551 867 1583 ut
906 1543 1051 1597 negari
1081 1558 1164 1582 non
1192 1543 1339 1595 possit.
1398 1541 1525 1580 Sacra

63 1620 169 1662 ergo
210 1624 256 1649 ae
298 1607 435 1648 divina
475 1610 686 1662 scriptura
728 1617 935 1658 testatur,
986 1608 1151 1647 coelum
1192 1606 1357 1646 firmum
1399 1616 1524 1661 atque

61 1673 277 1714 immobile
308 1688 425 1724 esse,
456 1675 587 1713 solem
618 1688 722 1715 vero
761 1688 807 1713 ac
836 1674 976 1712 lunam
1006 1673 1047 1711 in
1082 1673 1202 1712 coelo
1242 1674 1434 1724 moveri,
1477 1687 1524 1713 ac

63 1753 232 1780 cursum
264 1755 384 1780 suum
413 1754 634 1795 peragere.
696 1741 799 1779 Nam
830 1739 871 1778 in
912 1740 1043 1778 Josue
1082 1738 1240 1777 dictum
1283 1747 1371 1778 est:
1445 1738 1527 1780 Sol

65 1817 102 1846 et
145 1808 248 1845 luna
286 1816 390 1851 stem
430 1820 514 1845 non
554 1806 633 1845 ait:
675 1806 841 1845 eoelum
876 1817 1052 1843 movens
1098 1804 1235 1843 lunam
1276 1814 1345 1844 aut
1375 1805 1523 1856 solem,

64 1881 159 1913 stet.
191 1875 294 1912 Item
324 1873 373 1912 ab
408 1872 592 1912 Ezechia
622 1872 779 1911 dictum
811 1876 898 1910 estz
928 1871 1009 1911 Sol
1039 1871 1310 1917 retrocedac,·
1340 1885 1424 1911 non
1453 1873 1523 1912 ait:

64 1939 230 1979 coelum
259 1952 432 1978 movens
463 1939 594 1978 solem
626 1938 883 1978 retrocedat.

173 2007 220 2044 11.
280 2005 367 2043 Cat.
400 2019 442 2057 p.
473 2004 537 2058 59.
570 2018 699 2057 super
731 2004 838 2043 Gen.
872 2005 920 2042 11.
951 2008 998 2049 [ιτ
1042 2004 1246 2043 Eusebius
1287 2005 1524 2058 Episcopus

64 2070 302 2110 Emesemzs.
359 2070 440 2108 Alii
475 2070 642 2123 quidem
673 2070 868 2118 tradunt,
908 2070 1025 2109 Eden
1056 2069 1260 2122 appellari
1290 2070 1452 2121 locum,
1481 2072 1525 2111 in

66 2150 149 2190 qno
180 2136 401 2175 Paradisus
431 2137 639 2189 plantatus
673 2136 738 2174 sit.
796 2135 879 2174 Alii
931 2149 1033 2175 vero
1065 2135 1186 2173 Eden
1216 2136 1406 2186 nomine,
1447 2140 1523 2177 Pa-

64 2202 248 2241 radisum
278 2204 414 2255 ipsum
446 2203 623 2255 intelligi
656 2202 828 2251 volunt,
861 2202 1143 2254 interpretem
1175 2215 1277 2240 vero
1310 2202 1522 2257 interpre-

64 2269 269 2307 tationem
287 2269 418 2322 ipsam
441 2282 521 2322 pro
547 2267 715 2307 nomine
742 2267 945 2321 posuisse.
982 2267 1214 2326 Quaeritur
1238 2281 1356 2314 vero,
1381 2279 1524 2310 utrum

63 2336 284 2374 Paradisus
318 2344 414 2388 post
444 2334 596 2374 {actum
628 2335 839 2373 hominem
870 2335 1077 2387 plantatus
1111 2334 1163 2372 sit
1179 2333 1197 2371 '?
1238 2333 1380 2374 Verba
1411 2338 1523 2376 enim

63 2401 217 2453 Moysis
258 2400 299 2438 id
340 2400 574 2453 significare
621 2400 842 2449 videntur,
895 2401 1020 2438 tertia
1062 2399 1129 2436 die
1182 2413 1261 2437 una
1300 2413 1393 2438 cum
1432 2402 1521 2440 aliis

64 2465 286 2506 arboribus
316 2466 543 2518 plantatum
574 2465 717 2504 fuisse.
770 2466 897 2517 Syrus
928 2473 1065 2502 antem
1096 2464 1312 2516 interpres
1344 2472 1522 2504 transtu-

63 2531 137 2571 lit:
170 2541 212 2572 et
241 2532 444 2585 plantavit
473 2533 574 2572 deus
615 2532 861 2571 Paradisum
901 2532 942 2569 in
971 2530 1116 2578 Edon,
1160 2545 1246 2569 non
1275 2539 1321 2569 ut
1350 2532 1417 2570 alii
1447 2531 1523 2573 ἄπ’

62 2596 225 2655 ἀρχῆς,
254 2600 296 2638 id
326 2608 390 2638 est
419 2613 441 2637 a
469 2598 696 2652 principio.
755 2598 1005 2650 Complures
1037 2610 1140 2637 vero
1177 2597 1366 2649 tradunt,
1396 2599 1520 2638 Para-
