1773 3032
807 179 1100 223 *112—

231 307 315 347 duo
345 316 560 343 sermones
591 303 635 340 in
665 300 956 340 Nativitatem
988 300 1151 340 Christi
1178 305 1222 339 et
1249 297 1302 338 de
1334 297 1564 339 Oblatione
1581 298 1682 338 Chr.

232 381 276 419 in
321 378 505 432 templo,
553 376 625 430 qui
675 375 800 413 etiam
845 374 898 413 cle
942 373 1138 413 Simeone
1179 382 1216 412 et
1252 374 1381 412 Anna
1424 369 1685 411 inscribitur.

231 454 423 505 Uterque
455 449 505 488 ad
535 447 712 486 formam
743 447 1010 486 dramatieam
1038 446 1200 486 accedit
1241 447 1457 500 longoque
1498 444 1681 497 Dialogo
1714 486 1715 489 Ἴ

230 525 344 564 inter
371 522 543 561 Mariam
572 528 615 558 et
645 519 886 559 Simeonem
915 527 978 558 est
1020 519 1286 572 conspicuus.
1313 520 1544 558 Praeterea
1577 517 1688 557 Ori-

230 598 352 651 genis
380 593 600 648 allegorias
632 601 886 647 ceterosque
919 604 1092 631 errores
1120 592 1360 647 impugnat3
1389 591 1432 631 id
1461 593 1575 646 quod
1596 593 1684 631 Me-

230 670 448 719 thotlium,
489 666 690 721 Origenis
728 666 1042 717 adversarium,
1082 665 1303 719 designare
1351 665 1533 705 videtur.
1598 665 1686 704 Sed

229 750 296 782 tot
323 742 464 781 insunt
493 739 701 794 sequioris
731 739 878 779 aetatis
907 738 1087 793 vestigia
1136 739 1210 792 (de
1240 737 1455 788 trinitate,
1496 738 1685 778 incarna-

229 815 366 865 rione‚
395 822 573 869 peccato
606 812 816 867 originali,
844 812 1085 866 virginitate
1120 811 1281 851 'Mariae
1312 819 1356 851 et
1394 810 1458 851 his
1497 810 1683 864 similia),

228 895 278 927 ut
304 888 386 941 jam
423 887 579 926 dudum
622 885 847 926 invaluerit
891 884 1003 939 apud
1040 886 1132 928 VV.
1169 886 1266 925 DD.
1306 884 1538 937 sententia,
1577 897 1684 940 quae

230 975 315 1001 non
344 961 571 1014 genuinas,
612 959 688 998 sed
726 967 825 1012 post
868 958 1104 999 Concilium
1145 958 1407 1013 Ephesinum
1445 957 1685 1012 suppositas

231 1034 422 1074 affirmat.
461 1034 557 1077 Vid.
603 1033 823 1072 oudinum
852 1035 902 1073 T.
936 1033 966 1072 1.
995 1047 1037 1086 p.
1066 1033 1144 1074 303
1173 1055 1226 1063 —-
1253 1030 1347 1073 306.
1406 1030 1503 1092 Quo
1541 1030 1685 1085 posito

230 1109 388 1146 Noster
416 1121 497 1147 non
537 1115 631 1145 ante
675 1107 820 1146 oculos
861 1105 1020 1144 habere
1064 1105 1207 1158 potuit
1247 1104 1345 1143 istas
1385 1103 1591 1145 Homilias
1637 1102 1687 1142 ad

229 1180 361 1235 ipsius
389 1179 532 1235 potius
563 1179 804 1234 exemplum
833 1178 1098 1233 compositas,

339 1328 510 1368 Nullum
539 1328 668 1381 igitur
699 1327 901 1367 habemus
931 1326 973 1366 in
1001 1325 1086 1366 hoe
1123 1338 1284 1380 genere
1314 1324 1591 1366 concionandi
1620 1338 1688 1364 an-

229 1401 488 1455 tiquiorem,
515 1401 757 1455 Nosterque
786 1402 830 1440 in
859 1415 910 1441 eo
941 1401 1024 1440 dux
1053 1410 1178 1456 atque
1219 1400 1510 1454 antesignanus
1551 1399 1688 1439 factus

228 1474 383 1513 multos
412 1480 557 1513 nactus
589 1482 653 1513 est
698 1474 956 1514 imitatores:
1000 1475 1043 1513 id
1073 1475 1188 1529 quod
1218 1476 1343 1513 etiam
1370 1473 1503 1514 verba
1531 1471 1689 1511 Hiero-

229 1546 369 1598 nymi:
403 1545 715 1585 studiosissime
756 1548 910 1599 legitur
937 1547 992 1586 ab
1023 1548 1117 1597 leis,
1149 1548 1224 1601 qui
1253 1547 1498 1586 declamare
1527 1545 1688 1590 volunt,

232 1619 430 1659 indicant.
488 1619 641 1658 Plures
671 1619 782 1658 inter
813 1619 903 1672 ejus
927 1631 1107 1658 coaevos
1137 1618 1440 1671 reperiuntur,
1477 1616 1550 1670 qui
1580 1615 1619 1654 ei
1647 1614 1690 1651 in

230 1691 404 1746 poetico
447 1690 652 1730 tractandi
702 1703 860 1744 genere
911 1697 1007 1729 sunt
1048 1690 1231 1740 similes,
1285 1703 1468 1745 eumque
1511 1697 1690 1740 ornatu,

232 1779 391 1820 pompa
420 1773 464 1804 et
492 1764 658 1803 luxuria
688 1764 890 1803 orationis
943 1772 1168 1817 superant3
1208 1764 1351 1818 quales
1393 1770 1490 1802 sunt
1530 1762 1696 1815 Grego-

231 1841 322 1879 rius
352 1838 635 1878 Nazianzenus
656 1868 667 1888 ,
697 1836 988 1891 Epiphanius,
1019 1845 1061 1876 et
1090 1836 1282 1889 inprimis
1312 1834 1526 1889 Ephraem
1546 1835 1691 1888 Syrus,

237 1912 310 1965 qui
356 1925 441 1950 non
481 1910 616 1949 solum
658 1910 709 1949 ad
754 1909 1079 1962 Dithyrambos‚
1121 1909 1195 1949 sed
1236 1909 1360 1949 etiam
1400 1909 1451 1949 ad
1488 1907 1692 1963 Dialogos

234 1983 449 2023 accedunt.
507 1983 657 2021 Utrum
687 1981 749 2020 illi
778 1983 1031 2021 Emesenum
1060 1981 1284 2022 habuerint
1315 1983 1463 2022 ducem
1494 1989 1538 2020 et
1576 1989 1692 2020 ante-

235 2067 450 2095 cessorem
478 2067 563 2094 non
592 2068 644 2094 ex
672 2053 833 2108 liquido
863 2062 1039 2093 constat.
1069 2056 1164 2094 Hoc
1193 2063 1332 2094 tamen
1350 2062 1527 2105 certum,
1550 2056 1692 2095 Theo-

238 2128 433 2167 dorcium
465 2135 508 2166 et
542 2128 902 2179 Clzrysostomum
934 2127 1056 2166 etiam
1086 2127 1128 2166 in
1158 2126 1234 2166 hac
1277 2135 1397 2181 parte
1441 2127 1529 2181 ejus
1562 2125 1695 2166 fuisse

236 2208 496 2250 sectatores,
535 2199 577 2238 in
618 2213 670 2239 eo
712 2208 872 2239 tantum
915 2207 958 2238 et
998 2199 1264 2252 potissimum
1306 2199 1487 2250 diversi,
1527 2198 1641 2253 quod
1673 2211 1695 2237 a

239 2273 508 2327 breviloquio
541 2272 742 2311 Emeseni
773 2272 908 2325 (quod
935 2272 1015 2325 jam
1045 2272 1328 2324 Hieronymus
1370 2287 1467 2312 suo:
1496 2274 1694 2321 „IIomi-

239 2346 325 2384 liae
356 2345 540 2384 b1·eves“
564 2343 740 2396 indicat)
771 2343 1022 2382 recedentes
1052 2344 1094 2381 in
1125 2344 1233 2381 illam
1263 2344 1582 2400 μακρολογιάν,
1614 2363 1694 2402 qua

239 2418 392 2458 Graeci
422 2426 650 2471 tantopere
680 2417 963 2466 delectantur,
1006 2415 1088 2455 sint
1118 2417 1294 2470 evagati.
1351 2418 1397 2456 In
1425 2418 1694 2473 breviloquio

239 2504 316 2530 suo
346 2491 488 2544 potius
517 2489 689 2529 Latinos
718 2488 863 2528 habuit
903 2489 1151 2528 imitatores.
1218 2490 1419 2530 Ceterum
1465 2505 1544 2531 nee
1585 2491 1696 2545 apud

240 2563 430 2602 Graecos
461 2574 540 2601 nee
568 2561 741 2601 Latinos
773 2560 981 2615 ejusmodi
1009 2560 1232 2616 (τριλογίαν
1270 2562 1552 2602 homileticam
1582 2564 1697 2604 inve-

240 2633 402 2685 nimus3
435 2642 479 2674 et
506 2642 648 2675 nostra
678 2647 831 2676 revera
860 2628 975 2682 ἅπαξ
1003 2627 1255 2689 λεγόμενον
1285 2643 1349 2676 est
1377 2635 1579 2676 habenda.
