<?xml version="1.0" encoding="UTF-8"?>
<!DOCTYPE html PUBLIC "-//W3C//DTD XHTML 1.0 Transitional//EN"
    "http://www.w3.org/TR/xhtml1/DTD/xhtml1-transitional.dtd">
<html xmlns="http://www.w3.org/1999/xhtml" xml:lang="en" lang="en">
 <head>
  <title>
</title>
<meta http-equiv="Content-Type" content="text/html;charset=utf-8" />
  <meta name='ocr-system' content='tesseract 3.04.00' />
  <meta name='ocr-capabilities' content='ocr_page ocr_carea ocr_par ocr_line ocrx_word'/>
</head>
<body>
  <div class='ocr_page' id='page_1' title='image "./eusebiiemeseniqu00auguuoft_0099.png"; bbox 0 0 1913 3073; ppageno 0'>
   <div class='ocr_carea' id='block_1_1' title="bbox 627 173 898 217">
    <p class='ocr_par' dir='ltr' id='par_1_1' title="bbox 627 173 898 217">
     <span class='ocr_line' id='line_1_1' title="bbox 627 173 898 217; baseline 0.004 -14"><span class='ocrx_word' id='word_1_1' title='bbox 627 173 898 217; x_wconf 79' lang='grc'>-93-</span> 
     </span>
    </p>
   </div>
   <div class='ocr_carea' id='block_1_2' title="bbox 38 294 1494 1727">
    <p class='ocr_par' dir='ltr' id='par_1_2' title="bbox 38 294 1490 1072">
     <span class='ocr_line' id='line_1_2' title="bbox 40 294 1486 349; baseline 0.001 -12"><span class='ocrx_word' id='word_1_2' title='bbox 40 297 92 337; x_wconf 84' lang='lat' dir='ltr'><strong>de</strong></span> <span class='ocrx_word' id='word_1_3' title='bbox 122 294 300 336; x_wconf 81' lang='lat' dir='ltr'><strong>ecclesia</strong></span> <span class='ocrx_word' id='word_1_4' title='bbox 329 294 432 334; x_wconf 86' lang='lat' dir='ltr'><strong>dicis</strong></span> <span class='ocrx_word' id='word_1_5' title='bbox 462 307 599 349; x_wconf 88' lang='lat' dir='ltr'><strong>nuper</strong></span> <span class='ocrx_word' id='word_1_6' title='bbox 628 307 876 349; x_wconf 84' lang='lat' dir='ltr'><strong>egressum;</strong></span> <span class='ocrx_word' id='word_1_7' title='bbox 932 294 1213 334; x_wconf 79' lang='lat' dir='ltr'>Alexandrum</span> <span class='ocrx_word' id='word_1_8' title='bbox 1249 304 1386 337; x_wconf 83' lang='lat' dir='ltr'><strong>autem</strong></span> <span class='ocrx_word' id='word_1_9' title='bbox 1415 311 1486 339; x_wconf 74' lang='lat' dir='ltr'><strong>ve·</strong></span> 
     </span>
     <span class='ocr_line' id='line_1_3' title="bbox 40 368 1486 424; baseline 0.001 -16"><span class='ocrx_word' id='word_1_10' title='bbox 40 378 177 409; x_wconf 88' lang='lat' dir='ltr'><strong>terem</strong></span> <span class='ocrx_word' id='word_1_11' title='bbox 215 368 511 419; x_wconf 83' lang='lat' dir='ltr'><strong>IIaereticum3</strong></span> <span class='ocrx_word' id='word_1_12' title='bbox 557 369 786 419; x_wconf 76' lang='lat' dir='ltr'><strong>origenem</strong></span> <span class='ocrx_word' id='word_1_13' title='bbox 828 380 933 408; x_wconf 82' lang='lat' dir='ltr'><strong>vero</strong></span> <span class='ocrx_word' id='word_1_14' title='bbox 975 381 1021 407; x_wconf 92' lang='lat' dir='ltr'><strong>ac</strong></span> <span class='ocrx_word' id='word_1_15' title='bbox 1051 368 1302 420; x_wconf 74' lang='lat' dir='ltr'><strong>Didymum,</strong></span> <span class='ocrx_word' id='word_1_16' title='bbox 1339 382 1486 424; x_wconf 88' lang='lat' dir='ltr'><strong>reprc-</strong></span> 
     </span>
     <span class='ocr_line' id='line_1_4' title="bbox 39 439 1486 494; baseline 0.002 -14"><span class='ocrx_word' id='word_1_17' title='bbox 39 440 192 480; x_wconf 90' lang='lat' dir='ltr'><strong>hensos</strong></span> <span class='ocrx_word' id='word_1_18' title='bbox 231 455 252 479; x_wconf 88' lang='lat' dir='ltr'><strong>a</strong></span> <span class='ocrx_word' id='word_1_19' title='bbox 281 449 323 479; x_wconf 89' lang='lat' dir='ltr'><strong>te</strong></span> <span class='ocrx_word' id='word_1_20' title='bbox 353 440 447 494; x_wconf 83' lang='lat' dir='ltr'><strong>lego</strong></span> <span class='ocrx_word' id='word_1_21' title='bbox 478 441 519 479; x_wconf 86' lang='lat' dir='ltr'><strong>in</strong></span> <span class='ocrx_word' id='word_1_22' title='bbox 567 439 879 479; x_wconf 86' lang='lat' dir='ltr'><strong>recentioribus</strong></span> <span class='ocrx_word' id='word_1_23' title='bbox 911 440 1120 493; x_wconf 88' lang='lat' dir='ltr'><strong>opusculis</strong></span> <span class='ocrx_word' id='word_1_24' title='bbox 1167 441 1274 489; x_wconf 88' lang='lat' dir='ltr'><strong>tuis,</strong></span> <span class='ocrx_word' id='word_1_25' title='bbox 1321 450 1363 481; x_wconf 90' lang='lat' dir='ltr'><strong>et</strong></span> <span class='ocrx_word' id='word_1_26' title='bbox 1403 458 1486 484; x_wconf 89' lang='lat' dir='ltr'><strong>non</strong></span> 
     </span>
     <span class='ocr_line' id='line_1_5' title="bbox 38 512 1485 568; baseline 0.001 -16"><span class='ocrx_word' id='word_1_27' title='bbox 38 512 325 563; x_wconf 77' lang='lat' dir='ltr'><strong>mediocriter,</strong></span> <span class='ocrx_word' id='word_1_28' title='bbox 369 526 446 552; x_wconf 87' lang='lat' dir='ltr'><strong>nec</strong></span> <span class='ocrx_word' id='word_1_29' title='bbox 493 512 546 552; x_wconf 89' lang='lat' dir='ltr'><strong>de</strong></span> <span class='ocrx_word' id='word_1_30' title='bbox 590 512 873 552; x_wconf 84' lang='lat' dir='ltr'>mediocribus</span> <span class='ocrx_word' id='word_1_31' title='bbox 917 513 1251 566; x_wconf 81' lang='lat' dir='ltr'>quaestionibus,</span> <span class='ocrx_word' id='word_1_32' title='bbox 1302 516 1485 568; x_wconf 71' lang='lat' dir='ltr'><strong>quamvis</strong></span> 
     </span>
     <span class='ocr_line' id='line_1_6' title="bbox 47 584 1486 640; baseline 0.003 -17"><span class='ocrx_word' id='word_1_33' title='bbox 47 586 277 638; x_wconf 77' lang='lat' dir='ltr'><strong>Origencm</strong></span> <span class='ocrx_word' id='word_1_34' title='bbox 306 584 554 624; x_wconf 85' lang='lat' dir='ltr'><strong>mirabiliter</strong></span> <span class='ocrx_word' id='word_1_35' title='bbox 583 594 676 624; x_wconf 85' lang='lat' dir='ltr'><strong>ante</strong></span> <span class='ocrx_word' id='word_1_36' title='bbox 706 585 952 624; x_wconf 77' lang='lat' dir='ltr'><strong>laudaveris.</strong></span> <span class='ocrx_word' id='word_1_37' title='bbox 992 584 1097 624; x_wconf 89' lang='lat' dir='ltr'><strong>Cum</strong></span> <span class='ocrx_word' id='word_1_38' title='bbox 1126 586 1174 624; x_wconf 91' lang='lat' dir='ltr'><strong>iis</strong></span> <span class='ocrx_word' id='word_1_39' title='bbox 1207 599 1309 640; x_wconf 83' lang='lat' dir='ltr'><strong>ergo</strong></span> <span class='ocrx_word' id='word_1_40' title='bbox 1342 600 1486 627; x_wconf 81' lang='lat' dir='ltr'><strong>errare</strong></span> 
     </span>
     <span class='ocr_line' id='line_1_7' title="bbox 39 657 1489 712; baseline 0.001 -15"><span class='ocrx_word' id='word_1_41' title='bbox 39 665 168 711; x_wconf 82' lang='lat' dir='ltr'><strong>pute,</strong></span> <span class='ocrx_word' id='word_1_42' title='bbox 199 657 294 711; x_wconf 84' lang='lat' dir='ltr'><strong>quia</strong></span> <span class='ocrx_word' id='word_1_43' title='bbox 324 671 402 696; x_wconf 90' lang='lat' dir='ltr'><strong>nec</strong></span> <span class='ocrx_word' id='word_1_44' title='bbox 443 666 485 696; x_wconf 89' lang='lat' dir='ltr'><strong>te</strong></span> <span class='ocrx_word' id='word_1_45' title='bbox 516 659 605 711; x_wconf 89' lang='lat' dir='ltr'><strong>ipse</strong></span> <span class='ocrx_word' id='word_1_46' title='bbox 645 658 846 710; x_wconf 87' lang='lat' dir='ltr'><strong>patieris;</strong></span> <span class='ocrx_word' id='word_1_47' title='bbox 878 658 1066 711; x_wconf 80' lang='lat' dir='ltr'><strong>quamvis</strong></span> <span class='ocrx_word' id='word_1_48' title='bbox 1106 657 1187 697; x_wconf 91' lang='lat' dir='ltr'><strong>hoc</strong></span> <span class='ocrx_word' id='word_1_49' title='bbox 1218 658 1397 712; x_wconf 86' lang='lat' dir='ltr'><strong>perinde</strong></span> <span class='ocrx_word' id='word_1_50' title='bbox 1429 660 1489 698; x_wconf 85' lang='lat' dir='ltr'><strong>di-</strong></span> 
     </span>
     <span class='ocr_line' id='line_1_8' title="bbox 39 728 1488 785; baseline 0.002 -16"><span class='ocrx_word' id='word_1_51' title='bbox 39 738 181 779; x_wconf 88' lang='lat' dir='ltr'><strong>catur,</strong></span> <span class='ocrx_word' id='word_1_52' title='bbox 212 742 258 769; x_wconf 85' lang='lat' dir='ltr'><strong>ac</strong></span> <span class='ocrx_word' id='word_1_53' title='bbox 289 729 323 768; x_wconf 91' lang='lat' dir='ltr'><strong>si</strong></span> <span class='ocrx_word' id='word_1_54' title='bbox 352 730 394 768; x_wconf 84' lang='lat' dir='ltr'><strong>in</strong></span> <span class='ocrx_word' id='word_1_55' title='bbox 423 728 499 768; x_wconf 86' lang='lat' dir='ltr'><strong>hac</strong></span> <span class='ocrx_word' id='word_1_56' title='bbox 528 730 732 768; x_wconf 85' lang='lat' dir='ltr'><strong>sententia</strong></span> <span class='ocrx_word' id='word_1_57' title='bbox 759 744 843 768; x_wconf 91' lang='lat' dir='ltr'><strong>non</strong></span> <span class='ocrx_word' id='word_1_58' title='bbox 862 730 1109 769; x_wconf 75' lang='lat' dir='ltr'><strong>erraverint.</strong></span> <span class='ocrx_word' id='word_1_59' title='bbox 1166 732 1267 769; x_wconf 84' lang='lat' dir='ltr'><strong>Nam</strong></span> <span class='ocrx_word' id='word_1_60' title='bbox 1295 732 1386 785; x_wconf 84' lang='lat' dir='ltr'><strong>quis</strong></span> <span class='ocrx_word' id='word_1_61' title='bbox 1412 741 1488 784; x_wconf 85' lang='lat' dir='ltr'><strong>est,</strong></span> 
     </span>
     <span class='ocr_line' id='line_1_9' title="bbox 40 800 1489 856; baseline 0.001 -14"><span class='ocrx_word' id='word_1_62' title='bbox 40 804 111 856; x_wconf 86' lang='lat' dir='ltr'><strong>qui</strong></span> <span class='ocrx_word' id='word_1_63' title='bbox 140 815 184 841; x_wconf 87' lang='lat' dir='ltr'><strong>se</strong></span> <span class='ocrx_word' id='word_1_64' title='bbox 206 801 310 842; x_wconf 84' lang='lat' dir='ltr'><strong>velit</strong></span> <span class='ocrx_word' id='word_1_65' title='bbox 339 815 431 840; x_wconf 89' lang='lat' dir='ltr'><strong>cum</strong></span> <span class='ocrx_word' id='word_1_66' title='bbox 460 800 649 855; x_wconf 86' lang='lat' dir='ltr'><strong>quolibet</strong></span> <span class='ocrx_word' id='word_1_67' title='bbox 679 802 856 840; x_wconf 86' lang='lat' dir='ltr'><strong>errare?</strong></span> <span class='ocrx_word' id='word_1_68' title='bbox 912 804 1018 841; x_wconf 88' lang='lat' dir='ltr'><strong>Tres</strong></span> <span class='ocrx_word' id='word_1_69' title='bbox 1049 803 1177 855; x_wconf 83' lang='lat' dir='ltr'><strong>igitur</strong></span> <span class='ocrx_word' id='word_1_70' title='bbox 1198 812 1377 843; x_wconf 80' lang='lat' dir='ltr'><strong>restant:</strong></span> <span class='ocrx_word' id='word_1_71' title='bbox 1407 806 1489 844; x_wconf 80' lang='lat' dir='ltr'><strong>Eu-</strong></span> 
     </span>
     <span class='ocr_line' id='line_1_10' title="bbox 42 873 1489 928; baseline 0.002 -15"><span class='ocrx_word' id='word_1_72' title='bbox 42 875 204 923; x_wconf 76' lang='lat' dir='ltr'><strong>sebius,</strong></span> <span class='ocrx_word' id='word_1_73' title='bbox 235 874 487 914; x_wconf 73' lang='lat' dir='ltr'><strong>Theodorus</strong></span> <span class='ocrx_word' id='word_1_74' title='bbox 516 873 813 924; x_wconf 74' lang='lat' dir='ltr'><strong>Heracleotes,</strong></span> <span class='ocrx_word' id='word_1_75' title='bbox 859 882 902 913; x_wconf 82' lang='lat' dir='ltr'><strong>et</strong></span> <span class='ocrx_word' id='word_1_76' title='bbox 933 888 1055 928; x_wconf 86' lang='lat' dir='ltr'><strong>quem</strong></span> <span class='ocrx_word' id='word_1_77' title='bbox 1094 875 1219 927; x_wconf 88' lang='lat' dir='ltr'><strong>paulo</strong></span> <span class='ocrx_word' id='word_1_78' title='bbox 1252 884 1350 928; x_wconf 88' lang='lat' dir='ltr'><strong>post</strong></span> <span class='ocrx_word' id='word_1_79' title='bbox 1379 890 1489 916; x_wconf 88' lang='lat' dir='ltr'><strong>com-</strong></span> 
     </span>
     <span class='ocr_line' id='line_1_11' title="bbox 38 946 1490 1001; baseline 0.001 -15"><span class='ocrx_word' id='word_1_80' title='bbox 38 960 268 996; x_wconf 83' lang='lat' dir='ltr'><strong>memoras,</strong></span> <span class='ocrx_word' id='word_1_81' title='bbox 298 947 546 996; x_wconf 77' lang='lat' dir='ltr'><strong>Johannes‚</strong></span> <span class='ocrx_word' id='word_1_82' title='bbox 589 947 661 1000; x_wconf 84' lang='lat' dir='ltr'><strong>qui</strong></span> <span class='ocrx_word' id='word_1_83' title='bbox 693 947 848 986; x_wconf 86' lang='lat' dir='ltr'><strong>dudum</strong></span> <span class='ocrx_word' id='word_1_84' title='bbox 887 946 930 985; x_wconf 91' lang='lat' dir='ltr'><strong>in</strong></span> <span class='ocrx_word' id='word_1_85' title='bbox 960 946 1189 999; x_wconf 74' lang='lat' dir='ltr'><strong>pontificali</strong></span> <span class='ocrx_word' id='word_1_86' title='bbox 1220 947 1350 1001; x_wconf 81' lang='lat' dir='ltr'><strong>gradu</strong></span> <span class='ocrx_word' id='word_1_87' title='bbox 1382 948 1490 988; x_wconf 90' lang='lat' dir='ltr'><strong>Con-</strong></span> 
     </span>
     <span class='ocr_line' id='line_1_12' title="bbox 39 1018 878 1072; baseline -0.004 -12"><span class='ocrx_word' id='word_1_88' title='bbox 39 1018 446 1072; x_wconf 86' lang='lat' dir='ltr'><strong>stantinopolitanam</strong></span> <span class='ocrx_word' id='word_1_89' title='bbox 475 1019 587 1058; x_wconf 80' lang='lat' dir='ltr'><strong>rexit</strong></span> <span class='ocrx_word' id='word_1_90' title='bbox 617 1019 878 1059; x_wconf 85' lang='lat' dir='ltr'><strong>ecclesiam“.</strong></span> 
     </span>
    </p>

    <p class='ocr_par' dir='ltr' id='par_1_3' title="bbox 39 1090 1494 1727">
     <span class='ocr_line' id='line_1_13' title="bbox 151 1090 1490 1148; baseline 0.001 -18"><span class='ocrx_word' id='word_1_91' title='bbox 151 1091 247 1130; x_wconf 90' lang='lat' dir='ltr'><strong>Hoc</strong></span> <span class='ocrx_word' id='word_1_92' title='bbox 289 1090 507 1145; x_wconf 84' lang='lat' dir='ltr'><strong>utriusque</strong></span> <span class='ocrx_word' id='word_1_93' title='bbox 538 1091 674 1130; x_wconf 88' lang='lat' dir='ltr'><strong>Patris</strong></span> <span class='ocrx_word' id='word_1_94' title='bbox 719 1091 1005 1131; x_wconf 84' lang='lat' dir='ltr'><strong>testimonium</strong></span> <span class='ocrx_word' id='word_1_95' title='bbox 1035 1091 1084 1130; x_wconf 84' lang='lat' dir='ltr'><strong>ab</strong></span> <span class='ocrx_word' id='word_1_96' title='bbox 1116 1092 1330 1144; x_wconf 86' lang='lat' dir='ltr'><strong>omnibus,</strong></span> <span class='ocrx_word' id='word_1_97' title='bbox 1364 1108 1490 1148; x_wconf 86' lang='lat' dir='ltr'><strong>quan-</strong></span> 
     </span>
     <span class='ocr_line' id='line_1_14' title="bbox 41 1163 1491 1216; baseline 0.001 -12"><span class='ocrx_word' id='word_1_98' title='bbox 41 1175 129 1207; x_wconf 82' lang='lat' dir='ltr'><strong>tum</strong></span> <span class='ocrx_word' id='word_1_99' title='bbox 158 1163 370 1212; x_wconf 69' lang='lat' dir='ltr'><strong>videmus,</strong></span> <span class='ocrx_word' id='word_1_100' title='bbox 410 1164 780 1215; x_wconf 86' lang='lat' dir='ltr'><strong>praetermissum,</strong></span> <span class='ocrx_word' id='word_1_101' title='bbox 825 1164 903 1203; x_wconf 87' lang='lat' dir='ltr'><strong>etsi</strong></span> <span class='ocrx_word' id='word_1_102' title='bbox 934 1173 1102 1216; x_wconf 79' lang='lat' dir='ltr'><strong>praeter</strong></span> <span class='ocrx_word' id='word_1_103' title='bbox 1132 1165 1287 1204; x_wconf 85' lang='lat' dir='ltr'><strong>nudum</strong></span> <span class='ocrx_word' id='word_1_104' title='bbox 1316 1167 1491 1205; x_wconf 84' lang='lat' dir='ltr'><strong>Eusebii</strong></span> 
     </span>
     <span class='ocr_line' id='line_1_15' title="bbox 39 1235 1492 1284; baseline 0.001 -7"><span class='ocrx_word' id='word_1_105' title='bbox 39 1236 238 1277; x_wconf 89' lang='lat' dir='ltr'><strong>Emeseni</strong></span> <span class='ocrx_word' id='word_1_106' title='bbox 268 1248 421 1274; x_wconf 87' lang='lat' dir='ltr'><strong>nomen</strong></span> <span class='ocrx_word' id='word_1_107' title='bbox 461 1235 512 1273; x_wconf 87' lang='lat' dir='ltr'><strong>de</strong></span> <span class='ocrx_word' id='word_1_108' title='bbox 544 1249 595 1275; x_wconf 89' lang='lat' dir='ltr'><strong>eo</strong></span> <span class='ocrx_word' id='word_1_109' title='bbox 625 1235 683 1273; x_wconf 89' lang='lat' dir='ltr'><strong>nil</strong></span> <span class='ocrx_word' id='word_1_110' title='bbox 713 1236 950 1284; x_wconf 86' lang='lat' dir='ltr'><strong>contineat,</strong></span> <span class='ocrx_word' id='word_1_111' title='bbox 986 1244 1120 1275; x_wconf 77' lang='lat' dir='ltr'><strong>tamen</strong></span> <span class='ocrx_word' id='word_1_112' title='bbox 1156 1237 1253 1278; x_wconf 90' lang='lat' dir='ltr'><strong>ideo</strong></span> <span class='ocrx_word' id='word_1_113' title='bbox 1284 1238 1492 1278; x_wconf 85' lang='lat' dir='ltr'><strong>adducen-</strong></span> 
     </span>
     <span class='ocr_line' id='line_1_16' title="bbox 43 1307 1494 1362; baseline 0.001 -14"><span class='ocrx_word' id='word_1_114' title='bbox 43 1309 138 1348; x_wconf 85' lang='lat' dir='ltr'><strong>dum</strong></span> <span class='ocrx_word' id='word_1_115' title='bbox 168 1307 426 1362; x_wconf 79' lang='lat' dir='ltr'><strong>putavimus,</strong></span> <span class='ocrx_word' id='word_1_116' title='bbox 457 1308 571 1362; x_wconf 88' lang='lat' dir='ltr'><strong>quod</strong></span> <span class='ocrx_word' id='word_1_117' title='bbox 603 1320 654 1346; x_wconf 84' lang='lat' dir='ltr'><strong>ex</strong></span> <span class='ocrx_word' id='word_1_118' title='bbox 683 1308 753 1346; x_wconf 92' lang='lat' dir='ltr'><strong>illo</strong></span> <span class='ocrx_word' id='word_1_119' title='bbox 784 1317 977 1361; x_wconf 82' lang='lat' dir='ltr'><strong>apparet,</strong></span> <span class='ocrx_word' id='word_1_120' title='bbox 1010 1310 1262 1349; x_wconf 86' lang='lat' dir='ltr'><strong>Emesenum</strong></span> <span class='ocrx_word' id='word_1_121' title='bbox 1286 1325 1494 1351; x_wconf 92' lang='lat' dir='ltr'><strong>commen-</strong></span> 
     </span>
     <span class='ocr_line' id='line_1_17' title="bbox 43 1379 1493 1437; baseline 0.001 -17"><span class='ocrx_word' id='word_1_122' title='bbox 43 1381 193 1420; x_wconf 81' lang='lat' dir='ltr'><strong>tarium</strong></span> <span class='ocrx_word' id='word_1_123' title='bbox 223 1380 264 1418; x_wconf 92' lang='lat' dir='ltr'><strong>in</strong></span> <span class='ocrx_word' id='word_1_124' title='bbox 292 1379 427 1432; x_wconf 89' lang='lat' dir='ltr'><strong>Epist.</strong></span> <span class='ocrx_word' id='word_1_125' title='bbox 459 1380 510 1418; x_wconf 88' lang='lat' dir='ltr'><strong>ad</strong></span> <span class='ocrx_word' id='word_1_126' title='bbox 541 1379 702 1418; x_wconf 86' lang='lat' dir='ltr'><strong>Galatas</strong></span> <span class='ocrx_word' id='word_1_127' title='bbox 733 1380 975 1433; x_wconf 84' lang='lat' dir='ltr'><strong>scripsisse,</strong></span> <span class='ocrx_word' id='word_1_128' title='bbox 1016 1381 1237 1436; x_wconf 83' lang='lat' dir='ltr'><strong>simulque,</strong></span> <span class='ocrx_word' id='word_1_129' title='bbox 1268 1383 1419 1437; x_wconf 82' lang='lat' dir='ltr'><strong>quibus</strong></span> <span class='ocrx_word' id='word_1_130' title='bbox 1452 1398 1493 1422; x_wconf 87' lang='lat' dir='ltr'><strong>a·</strong></span> 
     </span>
     <span class='ocr_line' id='line_1_18' title="bbox 42 1450 1494 1507; baseline 0.002 -16"><span class='ocrx_word' id='word_1_131' title='bbox 42 1453 108 1492; x_wconf 87' lang='lat' dir='ltr'><strong>liis</strong></span> <span class='ocrx_word' id='word_1_132' title='bbox 139 1451 386 1491; x_wconf 84' lang='lat' dir='ltr'><strong>doctoribus</strong></span> <span class='ocrx_word' id='word_1_133' title='bbox 419 1452 555 1491; x_wconf 87' lang='lat' dir='ltr'><strong>socius</strong></span> <span class='ocrx_word' id='word_1_134' title='bbox 582 1450 713 1490; x_wconf 87' lang='lat' dir='ltr'><strong>fuerit</strong></span> <span class='ocrx_word' id='word_1_135' title='bbox 743 1452 873 1492; x_wconf 87' lang='lat' dir='ltr'><strong>datus.</strong></span> <span class='ocrx_word' id='word_1_136' title='bbox 931 1453 1016 1493; x_wconf 85' lang='lat' dir='ltr'><strong>Sed</strong></span> <span class='ocrx_word' id='word_1_137' title='bbox 1044 1462 1161 1507; x_wconf 83' lang='lat' dir='ltr'><strong>patet</strong></span> <span class='ocrx_word' id='word_1_138' title='bbox 1192 1462 1235 1494; x_wconf 85' lang='lat' dir='ltr'><strong>et</strong></span> <span class='ocrx_word' id='word_1_139' title='bbox 1262 1455 1358 1504; x_wconf 88' lang='lat' dir='ltr'><strong>hoe,</strong></span> <span class='ocrx_word' id='word_1_140' title='bbox 1389 1456 1494 1494; x_wconf 91' lang='lat' dir='ltr'><strong>Hie·</strong></span> 
     </span>
     <span class='ocr_line' id='line_1_19' title="bbox 42 1523 1494 1578; baseline 0.002 -14"><span class='ocrx_word' id='word_1_141' title='bbox 42 1537 265 1577; x_wconf 86' lang='lat' dir='ltr'><strong>ronymum</strong></span> <span class='ocrx_word' id='word_1_142' title='bbox 283 1553 294 1574; x_wconf 96' lang='lat'><strong>,</strong></span> <span class='ocrx_word' id='word_1_143' title='bbox 338 1523 409 1577; x_wconf 89' lang='lat' dir='ltr'><strong>qui</strong></span> <span class='ocrx_word' id='word_1_144' title='bbox 453 1524 576 1562; x_wconf 87' lang='lat' dir='ltr'><strong>etiam</strong></span> <span class='ocrx_word' id='word_1_145' title='bbox 604 1523 646 1562; x_wconf 89' lang='lat' dir='ltr'><strong>in</strong></span> <span class='ocrx_word' id='word_1_146' title='bbox 677 1523 754 1563; x_wconf 88' lang='lat' dir='ltr'><strong>hac</strong></span> <span class='ocrx_word' id='word_1_147' title='bbox 784 1538 905 1564; x_wconf 87' lang='lat' dir='ltr'><strong>causa</strong></span> <span class='ocrx_word' id='word_1_148' title='bbox 945 1525 1024 1564; x_wconf 89' lang='lat' dir='ltr'><strong>sibi</strong></span> <span class='ocrx_word' id='word_1_149' title='bbox 1063 1541 1146 1566; x_wconf 92' lang='lat' dir='ltr'><strong>non</strong></span> <span class='ocrx_word' id='word_1_150' title='bbox 1176 1526 1417 1578; x_wconf 83' lang='lat' dir='ltr'><strong>constabat,</strong></span> <span class='ocrx_word' id='word_1_151' title='bbox 1446 1536 1494 1567; x_wconf 87' lang='lat' dir='ltr'><strong>ut</strong></span> 
     </span>
     <span class='ocr_line' id='line_1_20' title="bbox 42 1595 1494 1652; baseline 0.003 -17"><span class='ocrx_word' id='word_1_152' title='bbox 42 1597 195 1636; x_wconf 85' lang='lat' dir='ltr'><strong>merito</strong></span> <span class='ocrx_word' id='word_1_153' title='bbox 231 1595 437 1649; x_wconf 85' lang='lat' dir='ltr'><strong>exprobat</strong></span> <span class='ocrx_word' id='word_1_154' title='bbox 466 1595 744 1648; x_wconf 83' lang='lat' dir='ltr'><strong>Augustinus,</strong></span> <span class='ocrx_word' id='word_1_155' title='bbox 776 1595 828 1635; x_wconf 90' lang='lat' dir='ltr'><strong>de</strong></span> <span class='ocrx_word' id='word_1_156' title='bbox 859 1598 1067 1638; x_wconf 87' lang='lat' dir='ltr'><strong>Emeseno</strong></span> <span class='ocrx_word' id='word_1_157' title='bbox 1097 1599 1334 1652; x_wconf 86' lang='lat' dir='ltr'><strong>interprete</strong></span> <span class='ocrx_word' id='word_1_158' title='bbox 1366 1599 1494 1640; x_wconf 88' lang='lat' dir='ltr'><strong>bene-</strong></span> 
     </span>
     <span class='ocr_line' id='line_1_21' title="bbox 42 1668 1493 1727; baseline 0.001 -17"><span class='ocrx_word' id='word_1_159' title='bbox 42 1669 249 1727; x_wconf 75' lang='lat' dir='ltr'><strong>volentius</strong></span> <span class='ocrx_word' id='word_1_160' title='bbox 279 1668 510 1723; x_wconf 87' lang='lat' dir='ltr'><strong>judicasse,</strong></span> <span class='ocrx_word' id='word_1_161' title='bbox 541 1682 687 1722; x_wconf 86' lang='lat' dir='ltr'><strong>quam,</strong></span> <span class='ocrx_word' id='word_1_162' title='bbox 716 1677 763 1708; x_wconf 88' lang='lat' dir='ltr'><strong>ut</strong></span> <span class='ocrx_word' id='word_1_163' title='bbox 794 1683 892 1709; x_wconf 82' lang='lat' dir='ltr'><strong>mox</strong></span> <span class='ocrx_word' id='word_1_164' title='bbox 921 1670 1180 1722; x_wconf 73' lang='lat' dir='ltr'><strong>videbimus,</strong></span> <span class='ocrx_word' id='word_1_165' title='bbox 1222 1671 1273 1710; x_wconf 87' lang='lat' dir='ltr'><strong>de</strong></span> <span class='ocrx_word' id='word_1_166' title='bbox 1307 1680 1493 1712; x_wconf 88' lang='lat' dir='ltr'><strong>oratore.</strong></span> 
     </span>
    </p>
   </div>
   <div class='ocr_carea' id='block_1_3' title="bbox 8 1751 1506 2678">
    <p class='ocr_par' dir='ltr' id='par_1_4' title="bbox 8 1751 1506 2678">
     <span class='ocr_line' id='line_1_22' title="bbox 150 1751 1496 1811; baseline 0.003 -19"><span class='ocrx_word' id='word_1_167' title='bbox 150 1753 221 1793; x_wconf 67' lang='lat' dir='ltr'><strong>VI.</strong></span> <span class='ocrx_word' id='word_1_168' title='bbox 281 1751 408 1811; x_wconf 76' lang='lat' dir='ltr'><strong>Quod</strong></span> <span class='ocrx_word' id='word_1_169' title='bbox 437 1751 616 1806; x_wconf 78' lang='lat' dir='ltr'><strong>denique</strong></span> <span class='ocrx_word' id='word_1_170' title='bbox 650 1753 720 1791; x_wconf 87' lang='lat' dir='ltr'><strong>ad:</strong></span> <span class='ocrx_word' id='word_1_171' title='bbox 759 1754 978 1793; x_wconf 80' lang='lat' dir='ltr'><strong>Homilz&#39;as</strong></span> <span class='ocrx_word' id='word_1_172' title='bbox 1017 1757 1061 1793; x_wconf 79' lang='lat' dir='ltr'><strong>in</strong></span> <span class='ocrx_word' id='word_1_173' title='bbox 1091 1756 1367 1807; x_wconf 70' lang='lat' dir='ltr'><strong>Evangelia,</strong></span> <span class='ocrx_word' id='word_1_174' title='bbox 1398 1757 1496 1796; x_wconf 82' lang='lat' dir='ltr'><strong>bre-</strong></span> 
     </span>
     <span class='ocr_line' id='line_1_23' title="bbox 45 1824 1495 1879; baseline 0.001 -12"><span class='ocrx_word' id='word_1_175' title='bbox 45 1842 145 1875; x_wconf 71' lang='lat' dir='ltr'><strong>ves,</strong></span> <span class='ocrx_word' id='word_1_176' title='bbox 175 1826 250 1865; x_wconf 77' lang='lat' dir='ltr'><strong>sed</strong></span> <span class='ocrx_word' id='word_1_177' title='bbox 272 1827 499 1879; x_wconf 83' lang='lat' dir='ltr'><strong>plurimas,</strong></span> <span class='ocrx_word' id='word_1_178' title='bbox 516 1825 685 1873; x_wconf 87' lang='lat' dir='ltr'><strong>attinet,</strong></span> <span class='ocrx_word' id='word_1_179' title='bbox 717 1824 758 1862; x_wconf 88' lang='lat' dir='ltr'><strong>in</strong></span> <span class='ocrx_word' id='word_1_180' title='bbox 787 1825 869 1865; x_wconf 92' lang='lat' dir='ltr'><strong>hoc</strong></span> <span class='ocrx_word' id='word_1_181' title='bbox 900 1840 1057 1879; x_wconf 80' lang='lat' dir='ltr'><strong>genere</strong></span> <span class='ocrx_word' id='word_1_182' title='bbox 1087 1828 1302 1866; x_wconf 80' lang='lat' dir='ltr'><strong>maximam</strong></span> <span class='ocrx_word' id='word_1_183' title='bbox 1331 1828 1495 1868; x_wconf 84' lang='lat' dir='ltr'><strong>laudem</strong></span> 
     </span>
     <span class='ocr_line' id='line_1_24' title="bbox 46 1896 1495 1955; baseline 0.001 -16"><span class='ocrx_word' id='word_1_184' title='bbox 46 1908 89 1940; x_wconf 89' lang='lat' dir='ltr'><strong>et</strong></span> <span class='ocrx_word' id='word_1_185' title='bbox 120 1900 270 1938; x_wconf 82' lang='lat' dir='ltr'><strong>famam</strong></span> <span class='ocrx_word' id='word_1_186' title='bbox 298 1898 502 1936; x_wconf 89' lang='lat' dir='ltr'><strong>meruisse</strong></span> <span class='ocrx_word' id='word_1_187' title='bbox 532 1896 703 1937; x_wconf 79' lang='lat' dir='ltr'><strong>videtur</strong></span> <span class='ocrx_word' id='word_1_188' title='bbox 733 1898 980 1937; x_wconf 83' lang='lat' dir='ltr'><strong>Emesenus.</strong></span> <span class='ocrx_word' id='word_1_189' title='bbox 1037 1899 1241 1938; x_wconf 84' lang='lat' dir='ltr'><strong>Homilias</strong></span> <span class='ocrx_word' id='word_1_190' title='bbox 1272 1901 1358 1939; x_wconf 71' lang='lat' dir='ltr'><strong>ilias</strong></span> <span class='ocrx_word' id='word_1_191' title='bbox 1393 1915 1495 1955; x_wconf 87' lang='lat' dir='ltr'><strong>prae</strong></span> 
     </span>
     <span class='ocr_line' id='line_1_25' title="bbox 48 1968 1497 2023; baseline 0 -11"><span class='ocrx_word' id='word_1_192' title='bbox 48 1971 202 2012; x_wconf 83' lang='lat' dir='ltr'><strong>ceteris</strong></span> <span class='ocrx_word' id='word_1_193' title='bbox 242 1970 285 2010; x_wconf 88' lang='lat' dir='ltr'><strong>in</strong></span> <span class='ocrx_word' id='word_1_194' title='bbox 325 1979 465 2009; x_wconf 90' lang='lat' dir='ltr'><strong>mente</strong></span> <span class='ocrx_word' id='word_1_195' title='bbox 510 1968 702 2008; x_wconf 85' lang='lat' dir='ltr'><strong>habuisse</strong></span> <span class='ocrx_word' id='word_1_196' title='bbox 733 1968 902 2009; x_wconf 74' lang='lat' dir='ltr'><strong>videtur</strong></span> <span class='ocrx_word' id='word_1_197' title='bbox 931 1970 1236 2023; x_wconf 83' lang='lat' dir='ltr'><strong>Hieronymus,</strong></span> <span class='ocrx_word' id='word_1_198' title='bbox 1271 1985 1362 2011; x_wconf 77' lang='lat' dir='ltr'><strong>Cum</strong></span> <span class='ocrx_word' id='word_1_199' title='bbox 1396 1975 1497 2013; x_wconf 85' lang='lat' dir='ltr'><strong>scri-</strong></span> 
     </span>
     <span class='ocr_line' id='line_1_26' title="bbox 47 2042 1496 2098; baseline 0.002 -16"><span class='ocrx_word' id='word_1_200' title='bbox 47 2043 196 2083; x_wconf 84' lang='lat' dir='ltr'><strong>beret:</strong></span> <span class='ocrx_word' id='word_1_201' title='bbox 224 2043 288 2082; x_wconf 79' lang='lat' dir='ltr'><strong>acl</strong></span> <span class='ocrx_word' id='word_1_202' title='bbox 312 2043 513 2098; x_wconf 78' lang='lat' dir='ltr'><strong>plausum</strong></span> <span class='ocrx_word' id='word_1_203' title='bbox 541 2042 692 2095; x_wconf 82' lang='lat' dir='ltr'><strong>populi</strong></span> <span class='ocrx_word' id='word_1_204' title='bbox 717 2043 962 2094; x_wconf 76' lang='lat' dir='ltr'><strong>pertinent,</strong></span> <span class='ocrx_word' id='word_1_205' title='bbox 997 2053 1034 2082; x_wconf 84' lang='lat' dir='ltr'><strong>et</strong></span> <span class='ocrx_word' id='word_1_206' title='bbox 1063 2044 1118 2082; x_wconf 78' lang='lat' dir='ltr'><strong>ab</strong></span> <span class='ocrx_word' id='word_1_207' title='bbox 1149 2046 1241 2092; x_wconf 75' lang='lat' dir='ltr'><strong>his,</strong></span> <span class='ocrx_word' id='word_1_208' title='bbox 1259 2048 1333 2098; x_wconf 80' lang='lat' dir='ltr'><strong>qui</strong></span> <span class='ocrx_word' id='word_1_209' title='bbox 1352 2046 1496 2086; x_wconf 73' lang='lat' dir='ltr'><strong>decla-</strong></span> 
     </span>
     <span class='ocr_line' id='line_1_27' title="bbox 50 2113 1498 2171; baseline 0.003 -17"><span class='ocrx_word' id='word_1_210' title='bbox 50 2130 167 2155; x_wconf 80' lang='lat' dir='ltr'><strong>mare</strong></span> <span class='ocrx_word' id='word_1_211' title='bbox 196 2117 378 2164; x_wconf 79' lang='lat' dir='ltr'><strong>volunt,</strong></span> <span class='ocrx_word' id='word_1_212' title='bbox 409 2116 719 2155; x_wconf 77' lang='lat' dir='ltr'><strong>studiosissime</strong></span> <span class='ocrx_word' id='word_1_213' title='bbox 743 2114 907 2166; x_wconf 73' lang='lat' dir='ltr'><strong>legitur.</strong></span> <span class='ocrx_word' id='word_1_214' title='bbox 966 2113 1010 2153; x_wconf 89' lang='lat' dir='ltr'><strong>Si</strong></span> <span class='ocrx_word' id='word_1_215' title='bbox 1042 2115 1172 2167; x_wconf 80' lang='lat' dir='ltr'><strong>igitur</strong></span> <span class='ocrx_word' id='word_1_216' title='bbox 1202 2118 1405 2171; x_wconf 80' lang='lat' dir='ltr'><strong>genuinae</strong></span> <span class='ocrx_word' id='word_1_217' title='bbox 1436 2132 1498 2158; x_wconf 86' lang='lat' dir='ltr'><strong>es-</strong></span> 
     </span>
     <span class='ocr_line' id='line_1_28' title="bbox 49 2186 1498 2240; baseline 0.002 -13"><span class='ocrx_word' id='word_1_218' title='bbox 49 2195 142 2227; x_wconf 89' lang='lat' dir='ltr'><strong>sent</strong></span> <span class='ocrx_word' id='word_1_219' title='bbox 170 2188 389 2227; x_wconf 82' lang='lat' dir='ltr'><strong>Homiliae</strong></span> <span class='ocrx_word' id='word_1_220' title='bbox 421 2190 607 2237; x_wconf 81' lang='lat' dir='ltr'><strong>latinae,</strong></span> <span class='ocrx_word' id='word_1_221' title='bbox 639 2200 744 2240; x_wconf 84' lang='lat' dir='ltr'><strong>quae</strong></span> <span class='ocrx_word' id='word_1_222' title='bbox 787 2186 862 2225; x_wconf 87' lang='lat' dir='ltr'><strong>sub</strong></span> <span class='ocrx_word' id='word_1_223' title='bbox 892 2186 1065 2225; x_wconf 87' lang='lat' dir='ltr'><strong>Eusebii</strong></span> <span class='ocrx_word' id='word_1_224' title='bbox 1093 2189 1289 2228; x_wconf 90' lang='lat' dir='ltr'><strong>Emeseni</strong></span> <span class='ocrx_word' id='word_1_225' title='bbox 1331 2191 1498 2230; x_wconf 89' lang='lat' dir='ltr'><strong>nomine</strong></span> 
     </span>
     <span class='ocr_line' id='line_1_29' title="bbox 50 2257 1502 2312; baseline 0.003 -14"><span class='ocrx_word' id='word_1_226' title='bbox 50 2257 404 2300; x_wconf 78' lang='lat' dir='ltr'><strong>circumferuntur</strong></span> <span class='ocrx_word' id='word_1_227' title='bbox 444 2269 486 2299; x_wconf 90' lang='lat' dir='ltr'><strong>et</strong></span> <span class='ocrx_word' id='word_1_228' title='bbox 515 2260 612 2298; x_wconf 83' lang='lat' dir='ltr'><strong>inde</strong></span> <span class='ocrx_word' id='word_1_229' title='bbox 642 2257 691 2296; x_wconf 83' lang='lat' dir='ltr'><strong>ab</strong></span> <span class='ocrx_word' id='word_1_230' title='bbox 733 2272 766 2296; x_wconf 86' lang='lat' dir='ltr'><strong>a.</strong></span> <span class='ocrx_word' id='word_1_231' title='bbox 804 2259 916 2299; x_wconf 81' lang='lat'>1531.</span> <span class='ocrx_word' id='word_1_232' title='bbox 945 2259 1135 2312; x_wconf 83' lang='lat' dir='ltr'><strong>pluribus</strong></span> <span class='ocrx_word' id='word_1_233' title='bbox 1166 2260 1418 2302; x_wconf 89' lang='lat' dir='ltr'><strong>editionibus</strong></span> <span class='ocrx_word' id='word_1_234' title='bbox 1459 2265 1502 2303; x_wconf 90' lang='lat' dir='ltr'><strong>in</strong></span> 
     </span>
     <span class='ocr_line' id='line_1_30' title="bbox 48 2330 1503 2388; baseline 0.004 -18"><span class='ocrx_word' id='word_1_235' title='bbox 48 2330 265 2384; x_wconf 88' lang='lat' dir='ltr'><strong>publicum</strong></span> <span class='ocrx_word' id='word_1_236' title='bbox 311 2340 404 2371; x_wconf 88' lang='lat' dir='ltr'><strong>sunt</strong></span> <span class='ocrx_word' id='word_1_237' title='bbox 436 2334 635 2381; x_wconf 86' lang='lat' dir='ltr'><strong>emissae,</strong></span> <span class='ocrx_word' id='word_1_238' title='bbox 668 2330 790 2369; x_wconf 83' lang='lat' dir='ltr'><strong>etiam</strong></span> <span class='ocrx_word' id='word_1_239' title='bbox 835 2331 884 2368; x_wconf 89' lang='lat' dir='ltr'><strong>de</strong></span> <span class='ocrx_word' id='word_1_240' title='bbox 913 2332 1133 2383; x_wconf 75' lang='lat' dir='ltr'><strong>pluribus,</strong></span> <span class='ocrx_word' id='word_1_241' title='bbox 1180 2332 1231 2372; x_wconf 88' lang='lat' dir='ltr'><strong>de</strong></span> <span class='ocrx_word' id='word_1_242' title='bbox 1260 2333 1411 2388; x_wconf 87' lang='lat' dir='ltr'><strong>quibus</strong></span> <span class='ocrx_word' id='word_1_243' title='bbox 1441 2336 1503 2376; x_wconf 91' lang='lat' dir='ltr'><strong>lo-</strong></span> 
     </span>
     <span class='ocr_line' id='line_1_31' title="bbox 52 2403 1501 2462; baseline 0.006 -22"><span class='ocrx_word' id='word_1_244' title='bbox 52 2403 195 2456; x_wconf 89' lang='lat' dir='ltr'><strong>quitur</strong></span> <span class='ocrx_word' id='word_1_245' title='bbox 226 2411 392 2453; x_wconf 86' lang='lat' dir='ltr'><strong>auctor,</strong></span> <span class='ocrx_word' id='word_1_246' title='bbox 425 2412 650 2443; x_wconf 80' lang='lat' dir='ltr'><strong>constaret.</strong></span> <span class='ocrx_word' id='word_1_247' title='bbox 714 2403 912 2441; x_wconf 73' lang='lat' dir='ltr'><strong>oudinus</strong></span> <span class='ocrx_word' id='word_1_248' title='bbox 940 2403 981 2441; x_wconf 90' lang='lat' dir='ltr'><strong>in</strong></span> <span class='ocrx_word' id='word_1_249' title='bbox 1012 2403 1242 2444; x_wconf 87' lang='lat' dir='ltr'><strong>Comment.</strong></span> <span class='ocrx_word' id='word_1_250' title='bbox 1275 2406 1326 2446; x_wconf 89' lang='lat' dir='ltr'><strong>de</strong></span> <span class='ocrx_word' id='word_1_251' title='bbox 1357 2409 1501 2462; x_wconf 85' lang='lat' dir='ltr'><strong>script.</strong></span> 
     </span>
     <span class='ocr_line' id='line_1_32' title="bbox 8 2474 1504 2533; baseline 0.004 -19"><span class='ocrx_word' id='word_1_252' title='bbox 8 2486 15 2495; x_wconf 84' lang='lat'><strong><em>‘</em></strong></span> <span class='ocrx_word' id='word_1_253' title='bbox 53 2476 152 2515; x_wconf 86' lang='lat' dir='ltr'><strong>eccl.</strong></span> <span class='ocrx_word' id='word_1_254' title='bbox 183 2477 231 2514; x_wconf 88' lang='lat' dir='ltr'><strong>T.</strong></span> <span class='ocrx_word' id='word_1_255' title='bbox 265 2490 306 2529; x_wconf 92' lang='lat' dir='ltr'><strong>p.</strong></span> <span class='ocrx_word' id='word_1_256' title='bbox 336 2476 427 2530; x_wconf 81' lang='lat'><strong>392.</strong></span> <span class='ocrx_word' id='word_1_257' title='bbox 464 2477 516 2515; x_wconf 88' lang='lat' dir='ltr'><strong>de</strong></span> <span class='ocrx_word' id='word_1_258' title='bbox 548 2476 624 2515; x_wconf 90' lang='lat' dir='ltr'><strong>hac</strong></span> <span class='ocrx_word' id='word_1_259' title='bbox 658 2489 705 2514; x_wconf 87' lang='lat' dir='ltr'><strong>re</strong></span> <span class='ocrx_word' id='word_1_260' title='bbox 756 2476 811 2514; x_wconf 89' lang='lat' dir='ltr'><strong>ita</strong></span> <span class='ocrx_word' id='word_1_261' title='bbox 861 2474 1029 2515; x_wconf 84' lang='lat' dir='ltr'><strong>scribit:</strong></span> <span class='ocrx_word' id='word_1_262' title='bbox 1080 2477 1315 2526; x_wconf 83' lang='lat' dir='ltr'><strong>„Homiliae</strong></span> <span class='ocrx_word' id='word_1_263' title='bbox 1360 2480 1504 2533; x_wconf 84' lang='lat' dir='ltr'><strong>plures</strong></span> 
     </span>
     <span class='ocr_line' id='line_1_33' title="bbox 53 2546 1506 2604; baseline 0.005 -18"><span class='ocrx_word' id='word_1_264' title='bbox 53 2546 235 2587; x_wconf 85' lang='lat' dir='ltr'><strong>eduntur</strong></span> <span class='ocrx_word' id='word_1_265' title='bbox 264 2547 339 2587; x_wconf 90' lang='lat' dir='ltr'><strong>sub</strong></span> <span class='ocrx_word' id='word_1_266' title='bbox 380 2547 546 2587; x_wconf 89' lang='lat' dir='ltr'><strong>nomine</strong></span> <span class='ocrx_word' id='word_1_267' title='bbox 577 2547 765 2598; x_wconf 85' lang='lat' dir='ltr'><strong>Eusebii,</strong></span> <span class='ocrx_word' id='word_1_268' title='bbox 796 2548 995 2587; x_wconf 90' lang='lat' dir='ltr'><strong>Emeseni</strong></span> <span class='ocrx_word' id='word_1_269' title='bbox 1024 2548 1250 2602; x_wconf 89' lang='lat' dir='ltr'><strong>Episcopi,</strong></span> <span class='ocrx_word' id='word_1_270' title='bbox 1281 2565 1386 2604; x_wconf 88' lang='lat' dir='ltr'><strong>quae</strong></span> <span class='ocrx_word' id='word_1_271' title='bbox 1417 2567 1506 2593; x_wconf 85' lang='lat' dir='ltr'><strong>cer-</strong></span> 
     </span>
     <span class='ocr_line' id='line_1_34' title="bbox 49 2619 1505 2678; baseline 0.005 -20"><span class='ocrx_word' id='word_1_272' title='bbox 49 2624 93 2659; x_wconf 85' lang='lat' dir='ltr'><strong>to</strong></span> <span class='ocrx_word' id='word_1_273' title='bbox 139 2619 190 2659; x_wconf 84' lang='lat' dir='ltr'><strong>ad</strong></span> <span class='ocrx_word' id='word_1_274' title='bbox 232 2634 328 2660; x_wconf 90' lang='lat' dir='ltr'><strong>eum</strong></span> <span class='ocrx_word' id='word_1_275' title='bbox 366 2634 451 2661; x_wconf 90' lang='lat' dir='ltr'><strong>non</strong></span> <span class='ocrx_word' id='word_1_276' title='bbox 496 2628 698 2674; x_wconf 85' lang='lat' dir='ltr'><strong>spectant.</strong></span> <span class='ocrx_word' id='word_1_277' title='bbox 771 2620 866 2662; x_wconf 88' lang='lat' dir='ltr'><strong>Non</strong></span> <span class='ocrx_word' id='word_1_278' title='bbox 905 2632 990 2661; x_wconf 91' lang='lat' dir='ltr'><strong>uno</strong></span> <span class='ocrx_word' id='word_1_279' title='bbox 1032 2622 1268 2676; x_wconf 82' lang='lat' dir='ltr'><strong>eodemque</strong></span> <span class='ocrx_word' id='word_1_280' title='bbox 1310 2631 1505 2678; x_wconf 85' lang='lat' dir='ltr'><strong>tempore</strong></span> 
     </span>
    </p>
   </div>
   <div class='ocr_carea' id='block_1_4' title="bbox 1813 0 1913 3073">
    <p class='ocr_par' dir='ltr' id='par_1_5' title="bbox 1813 0 1913 3073">
     <span class='ocr_line' id='line_1_35' title="bbox 1813 0 1913 3073; baseline 0 0"><span class='ocrx_word' id='word_1_281' title='bbox 1813 0 1913 3073; x_wconf 95' lang='lat' dir='ltr'><strong> </strong></span> 
     </span>
    </p>
   </div>
  </div>
 </body>
</html>
