1773 3032
720 479 815 533 IV.

107 613 585 656 INTERPRETATIO
615 609 1022 652 SINGULORUM
1044 605 1343 650 LOCORUM
1371 605 1449 647 ΕΓ

543 683 1012 728 VOCABULORUM.

50 911 183 993 Pag.
220 942 279 980 15.
321 940 361 979 in
402 940 548 980 titulo:
588 936 742 984 Meta*
790 933 848 983 τό
893 936 1216 994 παραὸἔναι
1246 933 1272 979 o‘
1316 927 1504 981 Ἰέὸας

46 1010 158 1055 τόν
189 1006 407 1068 κύριον.
465 1014 802 1054 Consti-actionis
830 1013 954 1067 hujus
983 1009 1268 1052 insolentioris
1310 1006 1504 1060 exempla

48 1085 246 1124 nonnulla
269 1099 292 1125 e
315 1086 596 1139 scriptoribus
627 1085 919 1125 ecclesiasticis
950 1085 1069 1124 allata
1098 1091 1194 1123 sunt
1222 1084 1264 1122 in
1276 1084 1505 1122 Lambecii

49 1158 330 1198 Commentar.
361 1158 434 1198 lib.
464 1160 515 1201 V.
547 1174 589 1212 p.
624 1160 711 1199 132.
748 1157 834 1200 136.
889 1158 981 1198 Alia
1010 1157 1202 1210 exempla
1244 1156 1374 1195 dedit.
1417 1154 1508 1195 Cel.

47 1234 157 1285 Aug.
189 1233 405 1272 Matthiae
434 1231 637 1272 ausfiihrl.
669 1231 828 1286 griech.
858 1232 1082 1271 Grammat.
1117 1233 1232 1285 1807.
1262 1230 1298 1283 §-
1328 1230 1423 1272 535.

157 1305 260 1346 Ibid.
291 1300 548 1361 Διάβολε
584 1298 823 1362 ’ὗπεργιά
839 1319 881 1348 ν.
919 1304 1134 1359 Significat
1161 1304 1266 1343 haec
1295 1318 1381 1345 vox
1414 1302 1508 1344 offi-

49 1379 133 1429 cia,
164 1393 271 1434 quae
300 1380 505 1419 Diabolus
535 1379 647 1419 Hadi
670 1410 681 1430 ‚
727 1379 844 1433 cujus
881 1386 944 1418 est
971 1378 1139 1432 adjutor
1181 1385 1224 1416 et
1266 1386 1506 1433 ψυχοπομ-

44 1445 156 1502 πός,
191 1462 389 1506 praestat.
461 1456 555 1507 Ipse
599 1453 754 1492 iterum
792 1451 920 1491 habet
960 1450 1012 1490 ad
1050 1449 1154 1490 haec
1196 1448 1366 1503 negotia
1403 1435 1510 1488 suos

44 1526 259 1566 ministros
305 1535 347 1566 et
385 1527 816 1581 pedisequos‚-quos
854 1524 1002 1563 itidem
1041 1537 1136 1577 pag.
1176 1522 1241 1563 23·
1284 1520 1505 1576 ὃαὶμονας

45 1593 240 1656 ὑπεργές
270 1614 333 1654 με
361 1609 496 1640 vocat.
559 1600 651 1639 Jam
679 1599 722 1638 in
753 1607 860 1638 orat,
889 1600 919 1638 Ι.
948 1613 990 1651 p.
1019 1612 1058 1649 7.
1090 1596 1256 1634 dixerat
1292 1593 1504 1634 Herodia-

45 1673 142 1712 dem
179 1681 368 1729 γυναῖκα
406 1665 607 1728 ύπκργόν
650 1686 744 1727 με,
783 1669 855 1713 καὶ
892 1663 1258 1727 συγκληρόνομον
1300 1670 1389 1709 τῶν
1428 1668 1503 1725 ε”ρ-

44 1759 136 1801 γων
164 1761 241 1801 με.

150 1819 251 1873 Pag.
289 1818 348 1860 16.
390 1814 814 1862 Κατεσκεύασα
858 1811 968 1860 κατ’
1025 1814 1164 1859 (ιῦτὲ
1214 1807 1503 1859 θάνατον·

46 1888 286 1930 Clarissime
316 1891 505 1932 videmus
537 1907 588 1932 ex
615 1893 698 1934 hoc
727 1893 848 1942 loco,
887 1889 1001 1946 ᾅδην
1035 1899 1077 1930 ct
1118 1885 1329 1933 θάνατον
1366 1890 1504 1930 neuti—

46 1975 170 2016 quam
201 1976 292 2004 esse
323 1978 570 2017 synonyma,
600 1964 828 2004 Diabolum
857 1972 996 2003 autem
1026 1977 1168 2003 veram
1201 1971 1244 2003 et
1284 1962 1504 2016 propriam

44 2046 209 2073 causam
248 2044 292 2076 et
332 2045 551 2076 auctorem
578 2037 742 2076 mortis.
799 2036 929 2090 quue
970 2049 1148 2089 prorsus
1188 2049 1282 2075 cum
1312 2035 1505 2075 doctrina

45 2106 88 2145 S.
128 2108 171 2147 S.
210 2110 424 2150 convenit.
480 2110 686 2149 Diabolus
731 2110 842 2149 enim
880 2118 1029 2149 auctor
1057 2110 1247 2163 peccati,
1283 2116 1506 2162 peccatum

44 2187 184 2219 autem
224 2194 346 2222 causa
383 2183 532 2222 mortis
572 2186 716 2232 (Rom.
755 2184 828 2226 VI.
860 2184 925 2224 23.
971 2199 986 2222 1
1030 2184 1178 2224 Joann.
1211 2184 1281 2224 ΙΙΙ.
1320 2184 1348 2228 8
1385 2196 1504 2237 seqq.

44 2251 194 2291 Hortis
223 2252 414 2307 inprimis
444 2255 652 2295 violentae
684 2265 726 2296 et
753 2257 891 2296 caedis
923 2256 1079 2296 dicitur
1105 2256 1310 2296 Diabolus
1340 2264 1505 2305 auctor,

45 2331 91 2365 ut
120 2326 302 2365 Joannes
333 2327 564 2380 Apostolus
584 2344 596 2365 ι
619 2329 792 2381 Ep.·111.
829 2341 888 2367 ιε’..
930 2330 977 2369 15
1007 2329 1145 2368 (locet.
1174 2329 1236 2368 Ita
1264 2337 1308 2368 et
1335 2329 1507 2376 Noster,

47 2398 339 2439 consentiente
377 2403 426 2440 N.
469 2403 519 2441 T.
560 2403 669 2442 sistit
708 2401 937 2441 Diabolum
979 2402 1127 2441 Judam
1166 2409 1209 2440 et
1241 2401 1424 2440 Judaeos
1453 2402 1505 2441 ad

47 2472 217 2513 caedem
251 2472 408 2511 Christi
437 2484 760 2527 provocantem,
789 2483 833 2515 et
859 2475 985 2528 paulo
1015 2483 1114 2528 post
1144 2476 1204 2528 (p.
1241 2477 1299 2515 18.
1333 2474 1430 2515 coll.
1460 2490 1503 2529 p.

43 2543 110 2583 30.
140 2544 226 2596 31.)
258 2545 310 2586 de
341 2548 503 2586 Lazaro
534 2548 780 2602 jactantem:
822 2545 971 2589 θέλων
1011 2540 1154 2589 αὐτόν
1196 2540 1381 2602 ([ησὲν)
1424 2546 1504 2589 λυ-
