1913 3073
645 160 910 204 -79-

54 289 266 331 Damascii
295 285 468 342 quidem
506 283 600 338 (qui
640 277 928 332 Philosophus
966 289 1150 331 paganus
1194 275 1278 316 fuit
1320 285 1520 331 tempore

57 361 299 408 Justiniani)
327 372 408 412 per
436 355 626 408 Baetylia
655 351 823 393 oracula
854 349 992 390 divina
1022 349 1258 390 edebantur
1269 364 1281 401 3
1329 350 1520 391 Isidorus

58 451 188 487 vero,
217 431 501 485 Philosophus
536 427 810 476 christianus,
850 424 1032 476 Baetylii
1072 424 1274 464 virtutem
1312 424 1520 466 Daemoni

60 508 223 549 cuidam
253 507 447 547 tribuere
478 503 645 543 maluit:
680 510 723 541 et
750 501 833 541 hoc
865 512 1035 554 quoque
1077 497 1235 553 judicio
1278 498 1521 552 opinionem

55 581 139 621 hoc
169 593 272 620 aevo
306 577 497 620 omuibus
530 576 626 616 fere
670 573 874 615 ecclesiae
915 572 1003 612 chr.
1044 571 1292 614 doctoribus
1335 585 1522 612 commu-

54 667 152 693 nem
178 651 338 706 prodit.

161 728 275 766 Dum
314 726 444 780 igitur
484 725 596 765 hunc
644 723 876 764 Eusebium
922 724 1178 764 Emesenum
1230 735 1312 776 pro
1360 721 1520 760 Nostro

57 800 281 851 hahemus,
323 799 609 854 objectionem
649 814 671 838 a
704 797 993 852 Chronologia
1034 798 1209 852 petitam
1248 811 1334 836 non
1376 809 1522 850 exspe-

60 884 232 915 ctamus.
288 874 556 913 Damascium
596 873 708 913 enim
746 874 1003 926 scriptorem
1041 885 1147 911 saec.
1192 871 1264 912 VI.
1309 870 1351 908 in
1394 868 1521 909 rebus

58 948 110 988 ad
140 947 458 1002 chronologiam
488 945 800 1001 pertinentibus
830 946 1000 985 minime
1031 959 1121 985 esse
1152 952 1413 994 accuratum,
1441 943 1524 997 jam

60 1035 84 1061 a
135 1023 231 1061 Jac.
279 1021 496 1062 Bruckero
558 1020 733 1075 aliisque
785 1018 1117 1058 demonstratum
1168 1024 1244 1056 est.
1315 1016 1525 1069 Congerit

58 1094 322 1135 narrationes
353 1094 508 1134 similes
540 1107 592 1133 ex
622 1092 748 1133 variis
778 1091 956 1133 saeculis
986 1104 1274 1145 personasque
1307 1088 1524 1128 consociat

58 1180 146 1206 non
186 1166 338 1206 eodem
378 1175 574 1220 tempore
612 1166 828 1216 viventes,
877 1164 952 1204 sed
984 1163 1097 1202 idem
1133 1164 1202 1202 vel
1248 1162 1382 1202 simile
1423 1162 1526 1217 quid

62 1240 265 1280 docentes
312 1238 640 1279 aut'lacientes.
712 1238 926 1293 Loquitur
966 1236 1009 1275 in
1040 1251 1112 1275 sua
1152 1235 1305 1275 Isidori
1344 1237 1429 1276 vita
1471 1236 1524 1276 de

59 1315 239 1364 Severo,
267 1313 506 1362 Ammonio,
536 1312 708 1361 Proelo‚
738 1312 916 1360 Marino,
959 1308 1223 1360 Ptolemaeo,
1272 1308 1526 1362 Pythagora,

61 1387 263 1441 Asclepio
295 1385 469 1440 aliisque
498 1386 639 1424 multis
668 1385 772 1424 viris
818 1383 1072 1433 illustribus,
1114 1396 1220 1436 quos
1263 1393 1381 1424 certe
1426 1383 1525 1426 ideo

61 1460 176 1499 nullo
208 1459 336 1499 modo
369 1472 550 1499 coaevos
585 1458 847 1498 habebimus.

174 1532 289 1596 Quid
318 1530 491 1570 autem?
547 1533 667 1571 Anne
699 1531 962 1584 Episcopum
995 1530 1280 1580 christianum,
1304 1535 1376 1586 qui
1406 1533 1527 1586 adeo,

58 1605 173 1660 juxta
211 1605 512 1645 nonnullorum
557 1604 828 1653 sententiam,
890 1617 1045 1644 nomen
1089 1606 1243 1645 ὁάιιςτί
1270 1604 1394 1657 tulit,
1439 1615 1526 1647 tam

64 1693 224 1720 crassae
255 1679 569 1734 superstitionis
609 1678 863 1732 participem
893 1687 937 1718 et
967 1678 1218 1732 complicem
1255 1680 1530 1731 putabimus?

64 1752 151 1814 Qui
186 1753 280 1792 fieri
309 1754 544 1807 potuisset,
574 1759 621 1790 ut
650 1750 888 1800 Eusebius,
920 1764 1046 1804 quem
1078 1759 1218 1789 tamen
1248 1752 1447 1794 Socrates
1488 1763 1532 1794 et

65 1827 328 1866 Sozomenus
358 1827 408 1866 ab
440 1827 523 1866 hoc
560 1824 736 1865 crimine
775 1824 982 1874 liberant,
1013 1838 1036 1863 a
1064 1823 1256 1864 Concilio
1301 1825 1530 1867 christiano

66 1899 118 1939 ad
148 1899 394 1954 dignitatem
427 1901 716 1954 episcopalem
746 1899 800 1938 sit
827 1907 1068 1953 promotus,
1098 1898 1133 1937 si
1162 1911 1211 1937 re
1239 1912 1341 1939 vera
1370 1899 1532 1940 artibus

65 1971 331 2025 astrologicis
364 1980 406 2010 et
436 1973 607 2025 magieis
637 1971 786 2011 fuisset
816 1970 1026 2011 imbutus?
1072 1971 1218 2010 Mirari
1248 1970 1426 2023 desinet,
1460 1974 1534 2028 qui

67 2059 191 2099 quam
233 2045 359 2099 longe
398 2046 567 2100 lateque
614 2046 863 2099 superstitio
911 2046 1022 2084 inter
1068 2045 1334 2084 Christianos
1374 2047 1535 2086 saeculi

66 2118 137 2157 111.
169 2126 211 2157 et
239 2119 309 2159 IV.
339 2120 605 2172 regnaverit,
635 2133 687 2159 ex
717 2118 896 2158 historia
927 2119 1213 2158 ecclesiastica
1242 2119 1402 2160 didicit.
1454 2121 1534 2161 Ce-

68 2191 290 2231 leberrimi
321 2193 432 2231 inter
463 2193 664 2232 doctores
696 2193 1031 2243 ecclesiasticos,
1063 2193 1302 2248 Origenes,
1335 2195 1533 2235 Clemens

69 2263 374 2304 Alexandrinus
399 2295 409 2315 ,
452 2267 687 2320 Gregorius
729 2268 821 2305 Neo
845 2289 861 2296 -
883 2266 1177 2306 caesareensis
1203 2297 1214 2317 ,
1257 2266 1534 2320 Athanasius,

71 2337 307 2391 Gregorius
339 2339 548 2390 Nyssenus
582 2346 626 2378 et
654 2337 943 2378 Nazianzenus
974 2339 1128 2393 aliique
1156 2340 1279 2379 multi
1306 2339 1534 2396 θεειργίας,

69 2412 317 2465 &mosminse
364 2414 604 2466 μτστικῇς,
653 2411 883 2468 γοητείας,
927 2414 1170 2467 μαντείας,
1235 2408 1534 2470 (ἷστροὶ.ογίας,

69 2486 291 2540 μαντικῇς
338 2492 417 2522 etc.
457 2482 646 2523 lautores
690 2498 737 2524 ac
775 2485 957 2539 patroni.
1027 2488 1073 2524 ln
1119 2485 1298 2525 ecclesia
1341 2488 1537 2527 orientali

69 2554 168 2594 altas
199 2565 346 2610 egerat
375 2557 538 2596 radices
570 2556 819 2610 superstitio
852 2571 931 2611 per
961 2557 1204 2597 Platonicos
1237 2566 1278 2597 et
1309 2559 1537 2598 Neo—Pla-

69 2628 235 2669 tonicos
266 2631 460 2684 adaucta,
492 2639 535 2672 et
567 2631 714 2671 colore
749 2630 976 2672 christiano
1005 2631 1148 2684 tincta,
1162 2645 1248 2672 non
1269 2632 1402 2672 solum
1427 2633 1536 2686 apud

524 2719 544 2761 ‘s
