1867 3053
917 136 1183 179 ..88-

320 261 467 300 decem
512 266 556 299 et
584 256 896 310 sex[{Euscbios
934 254 1128 306 exhibet,
1157 255 1269 299 inter
1297 269 1403 311 quos
1431 265 1571 298 autem
1598 259 1769 303 Emese-

320 348 398 373 nus
427 330 704 371 desideratur.
761 331 824 370 Ne
842 330 1069 370 Eusebium
1081 330 1416 373 Phoenicen-sem
1443 330 1496 371 ad
1526 331 1565 370 d.
1596 342 1642 371 ’.ξι
1668 332 1774 386 Sep-

321 405 474 448 tembr.
503 419 545 457 p.
576 405 667 445 255.
696 402 905 444 laudatum
932 416 1013 456 pro
1044 403 1201 442 Nostro
1230 402 1408 454 habeas,
1439 403 1605 445 obstant
1631 405 1774 456 verba,

323 492 429 531 quae
459 477 622 531 adjecta
651 484 768 515 sunt:
808 477 880 526 „In
908 473 1138 514 Phoenicia
1167 474 1210 514 S.
1238 475 1415 515 Eusebii
1455 478 1671 530 Martyris,
1703 479 1775 532 qui

321 549 434 590 ultro
464 547 737 588 Praefectum
766 546 906 585 adiens
936 555 980 588 et
1008 560 1053 586 se
1084 545 1367 588 Christianum
1395 560 1488 587 esse
1516 549 1775 601 denuntians,

323 621 374 662 ab
407 635 458 660 eo
501 619 642 659 multis
680 619 905 658 tormentis
948 616 1163 669 adflictus,
1223 619 1360 672 capite
1390 632 1534 659 caesus
1563 625 1668 665 est“.
1733 622 1779 661 ld

323 693 436 749 quod
466 691 776 745 persecutionis
804 699 970 744 tempus
997 691 1138 736 innuit
1160 698 1203 730 et
1231 691 1274 730 in
1285 692 1486 731 Nostrum
1514 691 1665 732 cadere
1695 707 1779 733 non

324 772 478 820 potest.
535 764 651 803 Idem
681 764 791 803 valet
822 763 874 802 de
907 762 1094 802 Eusebio
1124 764 1307 817 Martyre
1337 765 1389 804 ad
1413 764 1452 803 d.
1479 765 1518 806 8.
1533 763 1777 818 Septembr.

324 852 366 891 p.
398 841 470 882 241
489 866 500 886 ,
530 836 601 890 qui
632 851 709 875 una
738 850 833 875 cum
861 835 950 874 aliis
979 843 1175 893 tempore
1204 835 1357 877 ‚Iuliani
1385 836 1614 889 Apostatae
1642 837 1778 878 Gazae

325 910 367 951 in
396 909 654 959 Palaestina,
702 908 891 951 irruente
932 906 1055 946 turba
1085 907 1339 957 Gentilium,
1385 916 1556 948 necatus
1585 918 1662 950 est.
1731 911 1778 951 In

326 981 479 1022 codem
508 980 809 1033 Martyrologio
839 994 880 1034 p.
911 981 988 1020 213
1030 979 1094 1018 ad.
1124 979 1162 1018 d.
1197 983 1256 1026 14.
1286 982 1394 1035 Aug.
1425 980 1626 1021 docetur:
1656 982 1780 1024 Sanc·

328 1062 414 1094 tum
442 1053 673 1093 Eusebium
702 1066 794 1092 esse
825 1053 1053 1096 Eusebium
1082 1052 1410 1104 Presbyterum,
1437 1053 1510 1109 qui
1538 1067 1561 1093 a
1578 1052 1779 1095 Constan-

324 1126 386 1167 tio
416 1127 519 1179 Imp.
554 1125 735 1175 Ariano,
777 1124 831 1163 ob
861 1124 1089 1164 catholicae
1117 1123 1215 1163 fidei
1244 1123 1559 1176 defensionem,
1603 1126 1646 1172 in
1674 1141 1778 1182 quo-

328 1199 422 1240 dam
460 1196 655 1237 cubiculo
696 1198 844 1236 domus
875 1209 971 1235 suae
1015 1195 1222 1245 inclusus,
1251 1195 1395 1250 ibique
1422 1209 1586 1238 menses
1615 1207 1779 1253 septem

327 1271 372 1312 in
402 1271 592 1313 oratione
624 1277 863 1311 constanter
892 1281 1192 1322 perseveram,
1224 1267 1523 1309 dormitionem
1550 1271 1780 1325 acceperit,

328 1351 413 1386 etei

436 1415 485 1455 In·
510 1414 623 1455 nullo
655 1427 831 1467 prorsus
860 1412 970 1454 libro
1002 1413 1286 1453 eeclesiastico
1309 1414 1644 1455 SanctiEusebii
1658 1415 1781 1455 Eme-

329 1489 421 1528 ,ςεηὶ
447 1500 601 1529 nomen
630 1485 977 1539 deprehenditur.
1033 1485 1159 1538 Apud
1181 1487 1434 1527 PValehium
1463 1486 1672 1540 (Historie
1702 1486 1780 1525 der

327 1560 593 1610 Ketzereyen
638 1560 688 1597 T.
732 1559 783 1596 11.
827 1572 866 1611 p,
909 1557 1009 1610 667)
1040 1558 1216 1611 legimus
1246 1557 1438 1612 quidem:
1483 1560 1576 1609 „Er
1614 1558 1668 1598 ist
1695 1572 1779 1598 von

328 1630 410 1671 den
451 1631 598 1679 Alten,
630 1631 714 1682 [mit
743 1630 929 1684 grossem
958 1629 1275 1682 VViderspruch
1303 1630 1381 1669 der
1410 1631 1608 1679 Neuern,
1652 1638 1780 1672 unter

328 1703 396 1744 die
426 1702 623 1755 Heiligen
653 1710 841 1744 versetzt
867 1702 1090 1744 w01·den“.
1149 1701 1234 1741 Sed
1263 1702 1443 1755 ingenue
1473 1700 1678 1752 fatemur,
1705 1716 1780 1741 no-

326 1774 392 1816 his
423 1787 502 1817 nec
531 1774 585 1814 de
615 1773 855 1824 veteribus,
885 1774 974 1828 ejus
1005 1775 1356 1815 canonisationem
1386 1779 1455 1822 (ut
1481 1774 1653 1826 vocant)
1684 1787 1781 1827 pos·

329 1846 579 1896 tulantibus,
609 1860 687 1885 nec
717 1846 770 1886 de
800 1845 1132 1896 recentioribus,
1161 1846 1234 1900 qui
1264 1846 1454 1886 oblocuti
1483 1846 1564 1885 sint
1593 1854 1636 1886 et
1664 1845 1782 1899 quasi

326 1919 533 1960 Advocati
562 1918 732 1958 Diaboli
772 1928 915 1972 partes
960 1919 1249 1973 susceperint,
1280 1918 1436 1975 aliquid
1465 1930 1556 1957 esse
1587 1930 1781 1971 comper-

327 1999 430 2033 tum.
485 1993 551 2034 Ex
582 2004 633 2030 eo
665 1990 794 2040 enirn,
824 1990 940 2045 quod
968 1991 1010 2029 in
1049 1990 1181 2032 titulis
1216 1991 1450 2030 orationum
1479 2004 1502 2029 a
1542 1989 1664 2029 nobis
1694 1989 1782 2029 edi·

326 2071 462 2104 tarum
506 2063 574 2103 vel
616 2057 641 2104 o‘
683 2056 966 2118 μακάριος
993 2059 1298 2116 Εὐσέβιος,
1329 2062 1396 2103 vel
1425 2061 1580 2108 ὅσιος
1622 2055 1781 2115 ἡμῶν

325 2130 398 2179 πιέ
413 2151 512 2190 τηρ
543 2133 836 2189 Εὐσέβιος
866 2136 920 2174 sit
949 2136 1200 2188 designatus,
1223 2136 1346 2188 plane
1367 2148 1451 2174 non
1464 2134 1669 2191 sequitur,
1685 2146 1780 2173 eum

326 2209 582 2260 beatificam
596 2209 930 2249 benedictionem
957 2206 1552 2261 (utloquunturScholastici)
1580 2205 1630 2245 ab
1646 2205 1780 2245 eccle·

324 2280 384 2320 sia
395 2280 554 2321 tulisse.
585 2281 678 2319 Non
691 2293 912 2333 possumus
935 2279 1065 2333 igitur
1091 2291 1256 2320 omnem
1281 2278 1386 2318 hanc
1402 2292 1493 2318 rem
1508 2291 1589 2332 pro
1607 2285 1721 2317 certa
1737 2284 1781 2316 et

324 2352 495 2406 liquida,
508 2352 583 2391 sed
596 2354 738 2406 potius
754 2367 832 2405 pro
851 2350 974 2393 dubia
987 2359 1030 2390 et
1043 2349 1140 2391 ficta
1156 2350 1383 2393 declarare.
1412 2351 1508 2390 Hoc
1529 2358 1666 2390 tamen
1689 2361 1782 2390 cer-

325 2425 530 2467 tissimum
545 2434 620 2474 est,
636 2425 866 2466 Eusebium
882 2432 1088 2473 nostrum,
1109 2423 1270 2463 etiamsi
1293 2422 1433 2462 Sancti
1455 2435 1608 2463 nomen
1634 2421 1674 2461 ei
1697 2434 1781 2460 non

326 2506 552 2550 competat,
576 2498 686 2536 inter
707 2496 929 2535 Pruesulcs
949 2505 991 2536 et
1014 2496 1212 2536 doctores
1233 2495 1424 2549 antiquae
1437 2493 1636 2535 ecclesiae
1648 2493 1781 2532 bono-

328 2569 500 2608 rabilem
547 2570 779 2609 obtinuisse
811 2570 962 2610 locum.
1020 2570 1055 2608 Is
1096 2567 1295 2621 profecto
1341 2580 1426 2608 non
1456 2564 1782 2608 contemnendus
