1773 3032
833 102 1126 148 ...ωρμ-

358 229 434 269 His
480 226 681 281 perlectis
722 237 844 265 nemo
884 236 982 263 sane
1021 221 1248 263 dubitabit:
1294 221 1520 273 Nostrum,
1569 223 1604 262 si
1643 222 1694 262 ab

251 311 404 346 ornatu
448 300 665 340 rhetorico
696 305 739 337 et
765 296 934 350 poetico
961 294 1224 346 discesseris,
1254 293 1306 334 de
1336 294 1542 334 descensu
1574 294 1696 333 Chri-

252 375 307 415 sti
348 374 400 414 ad
437 372 601 412 inferos
637 383 813 423 prorsus
852 367 963 407 idem
989 367 1170 418 docere,
1199 367 1315 422 quod
1342 368 1533 408 doctrina
1563 368 1698 408 eccle·

251 448 415 488 siastica
445 444 584 486 tradit.

360 520 509 572 Neque
544 515 717 556 dubium
747 529 838 555 esse
868 515 1052 569 poterit,
1092 515 1142 553 ad
1187 528 1312 569 quem
1353 523 1501 554 statum
1542 514 1699 554 Christi

252 596 342 649 ejus
384 593 609 632 descensus
649 590 703 629 sit
740 588 1025 628 referendus?
1080 589 1184 627 Nam
1227 598 1365 628 status
1410 588 1699 627 exaltationis

251 662 337 706 tam
365 665 477 703 clare
510 663 726 716 depictus⁷
756 671 802 702 ut
829 675 951 702 nemo
982 661 1033 700 de
1063 669 1172 700 statu
1196 655 1485 701 exinanitionis
1513 659 1555 698 in
1577 672 1700 713 prae-

255 739 386 780 sentia
418 738 551 792 possit
583 736 783 789 cogitare.
844 734 1055 784 Christus,
1084 733 1276 787 deposita
1303 733 1384 786 jam
1411 733 1566 788 μορφῇ
1596 724 1698 772 ‹ma-

255 820 299 852 et
340 811 454 851 omni
493 801 755 852 ’ταπεινώσει
805 808 1003 857 humana,
1041 822 1121 861 qua
1161 807 1335 845 durante
1383 806 1466 845 vita
1504 805 1700 846 terrestri

256 885 398 925 fuerat
438 884 667 938 depressus
706 880 908 935 (Philipp.
947 881 997 919 ΙΙ.
1027 896 1064 932 7.
1096 880 1183 932 8.),
1225 878 1296 918 illo
1326 879 1417 932 ipso
1461 886 1700 929 momento,

255 958 328 998 ubi
370 957 492 997 dixit:
536 953 779 997 «τετέλεσται
809 961 852 993 et
888 952 961 994 ubi
1006 950 1228 1006 παρέδωκε
1265 948 1317 993 τό
1360 951 1542 1005 πνεῦμα
1581 949 1702 1004 (Joh.

253 1031 364 1070 XIX.
392 1029 479 1082 30.)
497 1059 508 1078 ‚
538 1022 719 1084 μορφήν
763 1027 853 1070 Θεέ
881 1028 1035 1066 iterum
1063 1026 1297 1078 recipiens,
1327 1038 1371 1063 se
1411 1025 1630 1066 Victorem
1659 1031 1701 1063 et

254 1105 394 1143 Deum
426 1101 706 1142 manifestavit
732 1102 809 1153 iis,
839 1115 1019 1156 quorum
1048 1107 1301 1154 potestatem
1332 1105 1375 1138 et
1404 1110 1584 1151 regnum
1614 1103 1704 1136 erat

259 1179 557 1220 destructurus.
