1773 3032
816 78 1113 123 ——172—

235 195 382 257 οἶπάτη
398 233 414 253 ,
439 194 614 256 πλάνης
646 199 722 239 sed
749 208 796 239 ut
824 199 957 238 Hebr.
989 202 1101 254 τηρῶ,
1130 197 1318 251 inprimis
1351 197 1403 236 de
1442 195 1681 238 idololatria

232 276 422 330 intelligi.
467 274 693 328 Legislatio
728 273 923 312 Sinaitica
951 271 1215 326 promulgata
1244 271 1326 310 fuit
1357 271 1509 310 auxilio
1542 269 1682 319 Ange-

232 347 385 396 lorum.
431 350 578 390 Actor.
621 349 712 391 VII.
751 347 826 387 53:
867 339 1044 400 ἐλάβετε
1080 343 1161 386 τόν
1205 338 1351 399 ’νόμον
1381 346 1441 392 εἰς
1471 342 1681 400 διαταγοὶς

233 413 440 476 ἀγγέλων.
507 419 588 459 Ubi
629 428 767 473 autem
810 417 962 471 Angeli
1012 417 1095 455 Dei
1145 415 1280 456 officia
1328 431 1398 456 sua
1444 427 1682 471 praestant,

234 492 293 532 ibi
341 493 543 533 Diabolus
584 491 753 546 negotia
799 505 872 530 sua
919 497 1092 529 exercet
1130 498 1174 530 et
1213 498 1359 530 contra
1396 504 1571 546 regnum
1598 492 1682 532 Dei

235 574 450 620 operatur.

341 640 387 679 In
416 637 645 693 Evangelio
675 635 923 688 Nicodemi‚
951 636 1158 679 versionis
1190 636 1338 678 latinae
1368 651 1403 680 c.
1433 640 1522 679 XX.
1552 638 1682 693 (apud

232 710 503 766 Fabricium)
548 709 751 751 Diabolus
804 709 909 750 haec
958 709 1153 764 profert:
1205 713 1323 766 „Ego
1372 713 1482 751 enim
1526 712 1684 754 tentavi

232 784 352 824 illum
381 784 664 838 (Christum),
694 791 738 823 et
763 784 965 840 populum
1004 799 1139 824 meum
1181 787 1409 840 antiquum
1450 786 1683 825 Judaicum

233 856 414 896 excitavi
462 856 556 896 zelo
599 865 642 897 et
683 856 746 895 ira
791 857 989 897 adversus
1035 870 1144 896 eum.
1201 858 1404 896 Lanceam
1447 859 1592 898 exacui
1631 858 1684 898 ad

233 931 471 985 passionem
511 931 629 985 ejus,
679 930 739 970 fel
789 939 832 969 et
873 938 1036 969 acetum
1072 930 1220 970 miscui
1269 939 1312 970 et
1359 932 1460 984 jussi
1506 929 1545 969 ei
1585 931 1684 970 dare

230 1012 402 1056 potum,
446 1013 489 1044 et
529 1004 686 1058 lignum
727 1003 977 1057 praeparavi
1016 1003 1068 1042 ad
1111 1002 1439 1057 crucifigendum
1488 1018 1607 1055 eum,
1638 1013 1682 1044 et

234 1075 372 1115 clavos
403 1076 453 1115 ad
481 1074 784 1130 perforandum
811 1089 954 1115 manus
986 1075 1075 1128 ejus
1106 1083 1149 1114 ct
1178 1074 1322 1127 pedes,
1347 1083 1390 1114 et
1418 1075 1458 1113 in
1488 1077 1682 1128 proximo

233 1156 298 1187 est
328 1149 417 1200 ejus
464 1163 604 1199 mors,
647 1157 690 1188 et
730 1149 959 1200 perducam
995 1161 1091 1186 eum
1120 1147 1171 1185 ad
1198 1155 1265 1196 te,
1309 1146 1542 1201 subjectum
1583 1149 1684 1187 mihi

232 1227 276 1258 et
304 1219 425 1258 til›i.“
458 1220 579 1282 Quae
610 1220 779 1275 quidem
809 1220 940 1260 verba
970 1233 1055 1258 non
1084 1225 1168 1259 tam
1197 1220 1329 1258 textui
1360 1221 1522 1260 Graeco
1555 1222 1684 1275 (apud

233 1294 456 1332 Bit-chium
487 1308 528 1347 p.
566 1294 698 1347 117.)‚
737 1307 859 1348 quam
903 1292 1045 1346 potius
1084 1292 1265 1332 orationi
1303 1302 1471 1333 nostrae
1511 1309 1552 1347 p.
1599 1293 1683 1333 16.:

234 1359 324 1409 'Ida‘
374 1360 668 1407 κατεσκεύασα
715 1365 808 1407 κατ’
857 1360 965 1407 ati-m}
1004 1359 1236 1415 θάνατον,
1285 1364 1524 1420 εὐπρέπισα
1552 1361 1686 1419 {fla-g,

234 1433 430 1494 oy'no'wjoa
460 1432 648 1496 λόγχην,
678 1436 858 1495 ἐκέρασα
887 1435 981 1486 ὅξος
1012 1437 1083 1480 καὶ
1111 1436 1261 1495 χολήν·
1290 1432 1436 1479 πάντα
1465 1437 1688 1492 πεποίηκα,

232 1508 345 1567 πρὸς
373 1506 454 1567 τήν
485 1510 725 1568 προδοσίαν
754 1506 862 1553 av've}
892 1511 962 1554 καὶ
1002 1506 1208 1554 θάνατον
1249 1511 1326 1566 (cf.
1355 1525 1448 1566 pag.
1479 1514 1588 1567 29.),
1618 1526 1686 1552 re-

235 1586 460 1639 spondent.

344 1658 474 1715 Quod
505 1668 644 1700 autem
673 1659 879 1700 Diebolus
909 1660 1092 1700 Judaeos
1122 1660 1277 1700 dixerit
1316 1660 1522 1715 populum
1566 1674 1686 1697 suum

239 1731 478 1784 antiquum,
509 1731 551 1770 id
579 1730 671 1771 fere
704 1734 1035 1772 Gnosticismum
1068 1733 1197 1786 sapit,
1226 1733 1298 1787 qui
1324 1732 1560 1784 ={Diabolum
1605 1733 1685 1771 Ju-

239 1802 451 1843 daeorum
481 1806 717 1844 Dominum
750 1816 786 1846 et
815 1808 950 1844 Deum
979 1807 1235 1859 pronuntiat.
1283 1808 1399 1845 Haec
1428 1814 1564 1845 autem
1595 1819 1687 1844 scn-

238 1875 371 1914 tentia
401 1875 451 1914 ab
487 1877 661 1915 ecclesia
694 1878 928 1917 orthodoxa
971 1892 1138 1932 semper
1180 1878 1263 1917 fuit
1292 1877 1541 1931 reprobata,
1589 1891 1686 1931 qua-

238 1954 362 1986 tenus
393 1947 531 1998 nefas,
569 1950 707 1989 Deum
736 1959 779 1990 et
817 1951 1068 2002 Diabolum,
1112 1959 1305 2006 tanquam
1344 1952 1426 1990 dno
1466 1949 1685 2004 principia,

243 2034 484 2075 opponere,
517 2030 559 2060 et
588 2023 647 2061 sic
677 2023 935 2065 I)ualismnm
965 2037 1059 2063 cum
1088 2024 1260 2063 notione
1289 2023 1381 2064 veri
1413 2031 1456 2062 et
1500 2022 1688 2075 omnipo·

241 2095 370 2134 tentis
402 2096 483 2133 Dei
512 2104 768 2149 pugnantem
806 2097 1094 2136 introducere.
1151 2097 1403 2150 Neutiquam
1445 2104 1580 2135 tamen
1622 2108 1689 2133 rc-

240 2167 351 2220 jccta
382 2167 483 2216 fuit,
515 2175 717 2220 quatenus
747 2169 885 2218 Deus,
933 2163 956 2210 ὁ
988 2162 1330 2224 παντοκράτωρ,
1378 2167 1561 2207 Judaeos
1600 2165 1689 2205 infi-

243 2238 358 2277 deles
407 2239 579 2278 Satanae
624 2241 824 2293 potestati
863 2242 1044 2281 tradidit.
1102 2244 1194 2282 Hoc
1237 2255 1361 2280 sensu
1388 2238 1469 2289 jam
1499 2238 1688 2276 Christus

243 2311 354 2363 apud
385 2312 584 2349 Joannem
617 2325 653 2351 c.
685 2314 793 2355 VIII.
816 2318 869 2359 44
899 2314 1061 2353 dixerat
1081 2314 1248 2353 Judacis
1280 2312 1528 2352 incredulis:
1558 2304 1689 2364 ’ὑμιιῑς

240 2383 286 2422 ἐκ
315 2377 482 2437 πατρός
512 2384 564 2424 τὲ
594 2379 779 2440 ὃιάβολὸ
807 2387 913 2436 ἐστὲ,
943 2386 1014 2428 καὶ
1041 2381 1121 2433 τοὶς
1152 2387 1397 2440 ἐπιθυμίας
1426 2384 1478 2424 τὲ
1524 2379 1689 2435 πατρὸς

239 2452 368 2508 ὑμῶν
397 2455 552 2497 θέλετε
583 2464 743 2499 ποιεῖν.
800 2460 862 2498 Eo
891 2460 1020 2514 magis
1063 2467 1201 2498 autem
1241 2458 1442 2498 doctores
1477 2455 1688 2496 christiani

241 2526 284 2566 id
312 2528 543 2580 urgebant,
574 2544 659 2585 quo
689 2531 823 2585 major
853 2541 965 2572 esset
992 2532 1249 2573 Judaeorum
1280 2529 1502 2584 superbia,
1534 2542 1613 2582 ‘111³
1641 2538 1686 2565 ⁸⁰
