1913 3073
648 160 700 167 -—
758 139 833 182 ἰοι
892 161 944 168 -

73 274 194 314 quani
229 260 416 299 internis.
457 256 534 297 Est
564 259 734 298 omnino
765 259 936 314 aliquid⁷
968 259 1082 313 quod
1115 260 1279 300 duobus
1311 262 1524 300 codicibus

72 350 154 374 inss
187 333 349 389 graecis
380 331 686 382 exhibeantur,
728 332 826 372 satis
857 332 1063 388 antiquis,
1107 346 1246 387 neque
1277 334 1362 373 ullo
1396 335 1524 374 modo

76 410 293 464 suspectis,
346 407 433 448 Sed
463 408 629 457 scimus,
659 408 699 446 in
730 408 872 448 multis
906 408 1125 449 codicibus
1155 407 1345 462 ejusdem
1376 409 1526 449 indolis

67 482 275 523 contineri
305 482 509 522 Homilias
541 481 618 520 sub
648 482 817 521 nomine
849 483 1050 536 Gregorii
1074 481 1526 535 Neo-Caesareensis‚

67 555 305 607 Athanasii,
334 555 562 610 Epiphanii
593 555 884 610 aliorumque,
917 570 1022 611 quae
1052 565 1190 595 tamen
1229 570 1313 596 non
1355 556 1405 595 ab
1446 556 1526 595 illis

65 631 309 671 auctoribus
340 639 436 670 sunt
463 628 709 684 profectae,
741 631 815 670 sed
846 632 1120 684 suppositae:
1155 631 1200 670 id
1231 630 1348 686 quod
1378 642 1430 668 ex
1463 644 1527 668 ar-

65 713 291 757 gumento,
320 702 527 743 tractandi
561 716 747 757 genere,
780 712 824 743 et
853 703 959 756 stylo
991 703 1256 757 dijudicatur.
1287 703 1334 742 In
1367 705 1525 744 Nostro

66 777 197 830 igitur
230 784 273 816 et
303 777 363 816 sie
391 776 712 830 procedendum
742 778 848 829 erit,
878 786 926 818 ut
955 777 1213 832 argumentis
1245 776 1422 817 internis
1453 778 1527 817 do·

67 859 240 902 ceatur,
280 850 323 889 in
352 850 417 889 his
450 849 712 891 orationibus
741 852 800 890 nil
841 852 1073 900 contineri,
1114 852 1230 906 quod
1259 866 1282 891 a
1312 851 1525 904 scriptore

62 939 171 967 saec.
201 926 274 967 IV.
315 937 401 964 non
428 924 674 978 profectum
704 937 796 964 esse
826 926 985 978 possit,
1030 926 1231 980 quodque
1261 938 1357 965 eum
1387 925 1522 979 aliqua

64 999 256 1038 veritatis
287 998 431 1054 specie
461 997 542 1038 alio
561 1028 572 1048 .,
604 1013 727 1053 quam
761 1000 1000 1049 Emeseno,
1042 998 1135 1039 viro
1178 1007 1265 1039 tam
1294 999 1523 1052 singulari,

60 1071 193 1121 tribui
231 1086 356 1126 posse
396 1071 606 1113 videatur.
662 1073 730 1111 De
771 1072 837 1112 his
879 1081 1019 1112 autem
1056 1072 1098 1113 in
1137 1073 1276 1128 capite
1314 1081 1522 1129 sequente

58 1153 100 1184 et
131 1146 282 1199 passim
310 1145 503 1200 pluribus
535 1146 619 1186 erit
652 1145 957 1187 disserendum.
