1913 3073
670 158 935 202 „39-

75 289 163 319 erat
177 312 190 330 ‚
223 294 346 334 quein
381 279 602 320 Diodorus
631 280 858 319 Tarsensis
888 288 929 319 et
959 279 1151 320 Joannes
1181 279 1526 332 Chrysostomus,

80 361 274 408 tanquam
307 352 527 391 doctorem
557 360 599 393 ct
629 353 777 391 ducem
807 360 902 394 sunt
959 352 1109 392 secuti.

183 572 259 612 His
290 571 649 626 qualibuscunque
680 573 731 612 de
762 588 943 628 persona
972 573 1146 613 Eusebii
1175 574 1372 614 Emeseni
1398 587 1528 629 expo·

73 645 177 696 sitis,
209 653 430 698 superest,
460 654 501 683 ut
536 643 587 683 (le
617 645 784 698 scriptis
815 646 903 698 ejus
933 646 1195 686 disseramus.

177 718 298 756 Duos
327 724 467 755 autem
499 725 656 756 tantum
686 718 796 759 inter
827 719 1019 772 antiquos
1049 718 1281 771 scriptores
1329 719 1529 761 habemus

74 791 126 830 de
156 789 323 843 scriptis
364 789 487 842 hujus
526 789 606 827 viri
655 788 905 828 relerentes.
962 791 1079 830 luter
1106 791 1184 830 hos
1215 793 1532 845 Theodoram,

73 863 172 915 Cyri
215 864 464 915 episcopus,
498 861 709 914 integrum
759 861 928 916 quidem
974 863 1255 917 fragmentum
1301 866 1531 905 asservavit

76 933 365 988 (Theodoreti
403 934 569 987 Dialog.
610 935 680 973 111.
715 934 827 988 Opp.
867 936 916 972 T.
947 935 1018 977 IV.
1060 949 1102 989 p.
1134 937 1212 977 256
1253 950 1369 992 seqq.
1420 937 1532 977 idem

71 1006 379 1060 fragmentum,
410 1006 523 1060 quod
553 1020 573 1046 a
603 1006 723 1045 nobis
754 1021 794 1059 p.
825 1006 876 1046 36
917 1020 1007 1060 sqq.
1041 1006 1274 1047 exhibitum
1304 1010 1412 1060 est);
1454 1009 1531 1048 sed

71 1078 226 1118 librum
254 1077 561 1129 Eusebianum,
590 1091 641 1117 ex
671 1092 755 1133 quo
788 1077 1074 1132 deprompsit,
1103 1094 1187 1120 non
1218 1082 1427 1122 indicavit.
1485 1083 1531 1121 In

71 1151 153 1191 alio
185 1164 316 1204 opere
347 1150 666 1189 Haereticarum
696 1149 931 1189 fabularum
961 1153 1211 1205 compendio
1242 1154 1314 1194 lib.
1344 1156 1375 1194 I.
1399 1168 1434 1194 c.
1463 1156 1529 1195 26·

72 1224 316 1279 (αἱρετικῆς
362 1225 643 1277 κακομνθίεις
675 1217 878 1278 ἐπιτομή-
912 1221 1026 1276 Opp.
1057 1226 1105 1262 T.
1136 1226 1206 1266 IV.
1236 1240 1277 1279 p.
1308 1227 1424 1279 322.)
1472 1227 1532 1265 in-

74 1305 143 1336 ter
172 1297 347 1344 Panes,
379 1297 451 1349 qui
481 1295 558 1334 adv
563 1309 681 1334 eisus
713 1297 997 1335 Mamdzaeos
1027 1296 1302 1351 scripserunt,
1333 1308 1532 1339 1ecenset

73 1381 243 1424 quoque
274 1368 498 1415 Nostrum,
531 1367 733 1407 dicendo:
765 1362 892 1422 ῙῙρος
923 1366 970 1408 δὲ
997 1362 1141 1416 τέτοις
1172 1369 1243 1411 καὶ
1274 1368 1298 1411 ὀ
1332 1370 1471 1413 §Dola
1464 1374 1529 1420 ιξ

71 1435 393 1495 Εύσὲβιος,
443 1440 465 1480 ἐ
496 1438 567 1480 καὶ
597 1433 771 1493 ποόσθε
757 1455 801 1482 ν
833 1434 1049 1496 311‘157‘121031]
1050 1456 1133 1483 ιιεν
1169 1443 1278 1496 (sine
1307 1444 1434 1483 dubio
1464 1459 1532 1485 1e-

71 1514 196 1568 spicit
235 1514 285 1553 ad
313 1513 479 1566 Dialog.
511 1515 614 1565 111..)
671 1515 760 1553 Jam
791 1522 884 1554 ante
916 1513 1239 1554 Theodoretum
1271 1516 1394 1555 etiam
1425 1519 1531 1571 Epi-

68 1587 260 1642 phanius
305 1587 501 1638 (Haeres.
547 1587 694 1627 LXVI.
752 1599 785 1625 c.
829 1598 892 1625 21.
927 1585 1041 1640 Opp.
1072 1588 1121 1625 T.
1150 1587 1181 1626 Ι.
1228 1602 1270 1641 p.
1301 1587 1393 1629 688.
1430 1591 1528 1630 edit.

71 1659 238 1711 Petav.)
280 1658 391 1697 idem
429 1657 602 1697 dixerat.
659 1659 869 1712 Loquitur
916 1658 973 1697 ibi
1005 1658 1056 1697 de
1095 1660 1252 1712 magnis
1292 1662 1392 1700 viris
1426 1655 1531 1715 (u’v-

74 1725 200 1785 δράσι
230 1724 476 1786 μεγάλοις),
507 1731 579 1785 qui
609 1731 780 1783 egregie
812 1731 1123 1784 (osagtucomg)
1157 1741 1301 1773 contra
1323 1735 1530 1775 Manetem

74 1804 348 1858 scripserint,
380 1811 423 1846 et
459 1803 643 1844 nominat
674 1803 786 1843 iuter
816 1801 934 1841 illos:
983 1804 1259 1856 Archelaum,
1294 1806 1528 1861 Origenem

75 1878 207 1930 (quod
250 1874 400 1915 falsum
439 1883 577 1913 tamen
624 1888 740 1924 csse,
771 1875 981 1914 Petavius
1018 1876 1060 1914 in
1092 1876 1316 1918 observat.
1348 1879 1398 1917 ad
1427 1879 1530 1932 Epi-

74 1949 196 2002 phan.
234 1950 280 1987 Τ.
310 1950 364 1988 ΙΙ.
394 1962 436 2004 p.
467 1946 546 1988 268
577 1970 625 1976 -—
656 1948 707 2001 69
735 1947 922 1999 docuit),
948 1949 1168 1989 Eusebium
1183 1952 1528 1999 caesareensem,

74 2021 299 2060 Eusebium
327 2022 600 2069 Emesenum,
632 2020 934 2072 Serapionem,
963 2022 1233 2063 Athanasium
1253 2054 1263 2074 ,
1295 2024 1529 2077 Georgium

75 2093 400 2143 Laodicensern,
442 2093 746 2146 Apollinarium
776 2094 1102 2145 Laodicensem,
1147 2104 1191 2135 et
1230 2097 1372 2135 Titum
1404 2097 1529 2149 (Bos,

76 2166 298 2217 trensem).
357 2166 441 2206 Sed
469 2175 642 2222 praeter
670 2166 752 2206 hoc
780 2166 1064 2206 testimonium
1081 2167 1302 2207 conforme
1331 2169 1383 2208 de
1416 2168 1527 2208 libro

75 2236 252 2275 Eusebii
279 2238 481 2279 Emeseni
511 2247 657 2279 contra
683 2238 947 2278 Manichaeos
977 2239 1035 2277 nil
1063 2239 1235 2293 legitur,
1264 2255 1401 2296 neque
1425 2242 1530 2280 Hie-

72 2321 294 2359 ronymuS,
351 2324 488 2364 neque
542 2310 782 2350 Ebed-Jesu
829 2311 918 2365 ejus
965 2312 1178 2363 memi11it3
1225 2314 1335 2353 unde
1390 2313 1529 2367 colligi

72 2393 199 2432 posse
231 2380 424 2433 videtur,
458 2396 553 2423 eum
585 2398 668 2423 non
716 2383 828 2423 inter
876 2385 1258 2437 praestantissimos
1288 2384 1418 2426 fuisse
1463 2401 1529 2425 re·

74 2451 216 2491 latum.

182 2526 479 2578 Hieronymus
506 2538 645 2569 autem
675 2530 716 2568 in
746 2529 857 2568 libro
888 2529 939 2568 de
969 2529 1071 2569 viris
1104 2530 1335 2570 illustribus
1366 2531 1527 2571 c.XCI.

76 2595 138 2648 (in
166 2599 365 2639 Fabricii
391 2600 591 2641 Bibliolh.
628 2601 859 2642 ecclesiast.
902 2616 943 2656 p.
981 2601 1208 2655 180—81)
1248 2601 1352 2642 haec
1382 2603 1527 2643 habet:
