1773 3032
798 66 1095 112 ⁴--135..-

322 189 523 228 N0strum
559 180 816 242 σήμερον
843 185 974 240 igitur
1001 186 1095 227 sine
1124 186 1253 228 dubio
1291 189 1459 229 Feriam
1492 188 1541 230 V.
1580 189 1670 231 aive

214 269 261 300 ut
291 274 402 300 nunc
440 268 649 302 vocatur:
700 261 813 301 diem
851 261 1064 301 viridium
1091 261 1307 316 significat.
1365 261 1495 324 Quod
1522 263 1558 302 si
1586 262 1671 304 hoc

214 333 439 374 admittere
467 335 599 387 nolis,
628 335 671 374 in
698 333 824 374 Feria
864 334 925 378 IV
965 335 1058 388 (die
1093 336 1316 389 Mercurii)
1359 335 1671 377 subsistendum

215 406 313 448 erit.
368 408 490 448 Tunc
525 420 633 448 vero
683 407 844 458 oratio,
892 421 998 462 quae
1039 407 1256 462 sequitur,
1307 407 1360 447 de
1398 408 1672 462 proditione,

214 480 406 533 pertinet
442 480 495 520 ad
534 480 703 520 Feriam
733 480 810 532 V.,
850 480 895 521 in
935 480 1056 536 cujus
1083 479 1167 520 fine
1205 495 1249 535 p.
1284 484 1346 527 14.
1382 480 1541 522 dictum
1576 485 1674 524 est:

214 547 408 607 αὔριον
445 551 680 609 α’κέσωμεν
716 551 921 612 καὶπερὶ
964 554 1136 610 ἐκείνης
1165 555 1245 609 τῆς
1273 547 1545 602 ΰποθὲσεως.
1600 557 1674 598 Illa

215 636 324 666 vero
363 624 649 678 continuatio,
688 639 794 682 quae
825 627 868 667 in
895 635 1071 681 postero
1111 627 1181 666 die
1210 626 1478 681 promittitur
1505 636 1551 668 et
1582 642 1675 669 ora·

215 696 335 736 tione
361 711 405 751 p.
440 699 488 739 15
516 712 635 754 seqq.
666 699 913 753 exhibetur,
943 700 1085 741 habita
1114 708 1180 741 est
1218 699 1275 758 τῇ
1307 693 1487 760 μεγάλῃ
1527 716 1675 759 παρα-

216 772 350 827 σκευῇ
377 772 405 812 i.
435 784 473 811 e.
501 772 537 811 F
540 773 629 812 eria
659 775 733 817 VJ.
761 774 1017 828 septimanae
1044 788 1232 829 magnae.

325 845 371 886 Si
398 844 503 886 fides
535 844 728 887 habenda
755 848 998 889 testimonio
1021 848 1105 903 jam
1125 862 1253 903 supra
1273 848 1498 889 exLeonis
1520 849 1680 890 Allatii

216 916 355 957 Diatr.
392 917 446 957 de
475 918 731 970 Symeonum
759 920 929 975 scriptis
958 935 1002 976 p.
1032 923 1101 962 82.
1134 922 1282 971 allato,
1310 921 1463 963 verba:
1505 919 1679 979 Ἀναγ-

217 994 347 1031 καῖον
377 988 469 1032 ἓστὶ
497 983 637 1032 πάλιν
665 985 863 1049 σήμερον
890 995 964 1049 τῷ
998 992 1150 1050 πρωῒ
1185 993 1250 1035 τὲ
1286 987 1422 1050 λόγε
1452 1004 1535 1037 etc.
1574 997 1679 1039 indi·

219 1072 316 1104 cant
357 1064 443 1103 diei
479 1072 670 1118 tempus,
716 1079 801 1120 quo
840 1065 983 1105 habita
1020 1064 1153 1106 fuerit
1191 1066 1350 1117 orati03
1401 1067 1598 1108 nimirum
1636 1071 1679 1108 in

219 1147 432 1178 conventu
463 1143 692 1179 matutino.
750 1139 869 1178 Tunc
901 1137 1038 1179 oratio
1068 1138 1121 1178 de
1151 1138 1399 1193 proditione
1436 1140 1570 1181 Judae
1610 1141 1681 1181 ha-

217 1209 307 1251 hita
334 1221 399 1252 est
427 1211 469 1250 in
502 1221 712 1251 conventu
736 1213 1044 1266 pomeridiano
1070 1212 1139 1253 vel
1189 1215 1460 1267 vespertino,
1503 1226 1678 1269 eamq-ue

220 1287 390 1340 excepit
437 1285 573 1325 altero
621 1285 690 1324 die
731 1280 933 1339 (αὔριον)
974 1285 1002 1324 i.
1043 1299 1081 1325 e.
1124 1285 1194 1325 die
1229 1287 1486 1327 Parasceves
1526 1289 1678 1327 tertia:

219 1353 349 1416 λόγος
403 1361 465 1407 εἰς
514 1354 596 1403 τόν
643 1353 859 1415 διάβολον
907 1358 979 1403 καὶ
1023 1361 1085 1407 εἰς
1127 1357 1209 1402 τόν
1243 1357 1361 1417 ᾅδην
1400 1369 1481 1400 etc.
1536 1362 1593 1401 Ut
1637 1361 1679 1400 in

220 1434 398 1475 ecclesia
427 1435 595 1489 antiqua
627 1435 738 1474 nulla
768 1434 904 1474 oratio
935 1448 1052 1474 sacra
1079 1434 1236 1488 absque
1265 1442 1382 1474 textu
1412 1435 1453 1473 S.
1475 1434 1519 1475 S.
1540 1434 1682 1474 habita

220 1515 310 1558 est,
357 1507 415 1548 ita
453 1520 625 1564 quoque
669 1515 812 1548 nostra
857 1508 1087 1547 lectionem
1129 1507 1351 1557 biblicam,
1391 1514 1531 1545 textus
1570 1506 1681 1558 loco,

221 1579 437 1634 supponit.
495 1582 614 1620 Haec
653 1587 793 1620 autem
837 1581 966 1620 lectio
1005 1588 1070 1620 est
1107 1580 1175 1621 vel
1219 1579 1364 1621 Matth.
1403 1580 1476 1620 XI.
1514 1593 1529 1617 1
1563 1591 1682 1633 seqq.

221 1654 293 1695 vel
337 1653 481 1693 Matth.
527 1655 639 1697 XIV.
683 1669 700 1694 ι
731 1673 786 1686 -ι-
820 1655 881 1696 ι3.
909 1654 1101 1697 Verbum
1130 1667 1299 1708 quoque
1331 1654 1534 1708 ἒρευνςῖν,
1567 1651 1683 1706 quod

224 1726 396 1766 adhibet
410 1726 634 1778 Eusebius,
651 1741 736 1767 non
761 1727 896 1768 solum
920 1728 964 1766 in
991 1728 1085 1768 loco
1116 1726 1272 1766 biblico
1304 1727 1421 1766 Joan.
1445 1727 1496 1771 V,
1519 1726 1586 1781 39.
1608 1725 1685 1764 sed

224 1798 392 1838 etiama
411 1799 692 1852 scriptoribus
724 1799 1020 1840 ecclesiasticis
1050 1813 1219 1853 semper
1248 1798 1301 1838 de
1330 1798 1682 1852 interpretatione

226 1882 270 1912 et
299 1872 687 1914 accommodatione
719 1872 762 1911 S.
795 1872 838 1911 S.
869 1871 1038 1912 dicitur.
1094 1869 1235 1910 Habet
1267 1879 1422 1922 autem,
1451 1870 1682 1910 secundum

224 1946 497 1987 Athanasium
548 1953 592 1986 et
640 1945 1004 2000 Theophylactum
1054 1944 1161 1985 hanc
1213 1944 1452 1999 emphasin:
1501 1943 1689 2000 ἒρευνᾷν

361 2175 455 2207 siota
491 2175 650 2208 relatum
687 2181 763 2209 cst:
810 2173 864 2223 Τῇ
900 2174 985 2220 α’γίᾳ
1016 2179 1074 2210 καὶ
1101 2171 1240 2223 μεγᾶλῇ
1262 2176 1413 2222 πέμπτῃ
1438 2172 1476 2209 οἱ
1496 2171 1542 2210 ταὶ
1566 2172 1686 2209 πάντα

362 2239 476 2275 καλῶς
524 2239 779 2287 διαταξάμενοι
812 2244 912 2276 θεῖοι
947 2245 1102 2287 πατέρες
1137 2237 1441 2284 ἅλληλοδιαὸόχως
1474 2239 1514 2274 ἐκ
1544 2253 1583 2274 τε
1618 2237 1690 2273 τῶν

367 2308 480 2340 &flam
505 2304 734 2350 ἀποστόλων,
759 2312 817 2341 καὶ
841 2306 912 2341 τῶν
937 2303 1041 2352 ιἐροῖν
1069 2312 1125 2341 καὶ
1149 2309 1261 2341 &stum
1286 2304 1493 2351 εὖαγγελιίυν
1524 2302 1686 2350 παραδε-

365 2368 519 2405 &nimum
544 2370 631 2416 ἡμῖν
657 2370 854 2418 τέσσαρσί
883 2386 985 2407 τινα
1011 2372 1084 2416 ἑορ
1101 2369 1265 2413 τάξεων
1298 2368 1362 2406 τόν
1386 2368 1482 2414 ἱερὸν
1512 2366 1681 2412 νιπτῆρα.

364 2434 428 2471 τόν
466 2435 639 2479 μυστικόν
677 2435 838 2480 δεῖπνον,
871 2435 938 2482 τήν
968 2436 1169 2483 παράδοσιν
1200 2433 1333 2482 δηλαδή
1368 2433 1440 2470 τῶν
1472 2430 1558 2468 καθ’
1583 2428 1688 2476 ξήμᾶυ·

360 2499 520 2546 manmit)
555 2504 778 2546 μυστηρίων,
814 2499 880 2546 τήν
904 2500 1069 2548 ὑπερφυᾶ
1092 2498 1311 2547 προσευχήν,
1344 2503 1403 2535 καὶ
1426 2495 1492 2543 τὴν
1523 2493 1689 2541 παραδο-

368 2568 447 2600 σιάν
471 2563 595 2610 acivst-
