1773 3032
60 283 270 342 Epiphan.
300 293 396 327 orat
433 285 478 326 iu
505 286 665 342 sepulc.
698 286 798 328 Chr.
832 287 950 344 opp.
983 289 1035 330 Τ.
1065 290 1115 331 ΙΙ.
1146 304 1189 346 Ρ.
1219 293 1311 347 273.
1342 293 1519 350 aliisque

62 360 312 402 testimoniis
344 368 476 415 patet.
533 362 692 402 Noster
730 361 863 416 igitur
892 375 945 402 ex
983 363 1073 404 aliis
1114 378 1284 420 quoque
1314 366 1520 420 fontibus,

61 449 185 490 quam
214 448 267 474 ex
297 434 532 490 Evangelio
562 435 806 487 Nicodemi‚
833 435 1005 477 haurire
1033 438 1273 492 potuisset,
1316 441 1432 495 quod
1463 450 1522 482 ta-

60 523 183 561 men,
214 516 262 549 ut
289 509 333 549 in
361 510 508 564 aprico
538 518 626 562 est,
653 523 740 550 non
767 510 905 551 hausit
914 524 928 562 3
958 526 1052 552 nam
1080 511 1230 552 Adami
1258 513 1370 554 nulla
1399 529 1523 568 pror-

60 596 129 622 sus
157 582 270 637 apud
298 583 417 624 illum
443 584 603 624 mentio
634 584 746 625 facta
787 593 866 629 est.
931 585 1192 640 Simpliciter
1234 586 1287 626 de
1329 588 1525 628 omnibus

58 656 253 712 loquitur
279 664 376 705 τοῖς
402 656 729 706 κατακλείστοις
758 659 807 702 ἐν
833 659 897 716 τῷ
923 653 1036 718 ᾅδῃ,
1068 667 1112 699 et
1140 659 1297 700 deinde
1327 658 1525 714 Prophe-

59 721 198 770 tarum
226 732 279 775 V.
309 733 360 774 T.
401 733 733 788 praecipuorum
772 733 930 774 excitat
964 732 1206 774 testimonia
1245 733 1300 773 de
1342 745 1527 787 persona

59 802 164 844 Jesu
193 803 366 846 Christi.

170 877 456 920 Praeconium
484 889 623 921 autem
651 881 824 921 Joannis
861 890 1040 923 vocatur
1088 875 1261 940 εὐαγγ
1274 882 1329 925 ελ
1343 876 1470 938 ισμό
1488 896 1529 933 ς,

61 950 317 992 vocabulum
354 953 467 993 idem
505 953 741 1009 significans
779 954 895 1010 quod
937 953 1192 998 διδασκαλία
1221 957 1264 995 in
1292 956 1528 1011 Evangelio

59 1023 297 1077 Nicodemi,
329 1027 561 1068 secundum
589 1036 754 1068 textum
783 1042 997 1084 graecum,
1028 1043 1064 1070 c.
1098 1044 1159 1087 ¹9·
1187 1031 1338 1086 Neque
1378 1029 1531 1070 differt

60 1098 112 1140 ab
143 1092 397 1156 εὖαγγέλιοὼ
428 1101 486 1154 (e.
517 1114 581 1155 gr.
612 1101 743 1140 Galat.
772 1103 803 1141 Ι.
833 1101 882 1153 6,
913 1118 965 1156 7,
996 1104 1058 1156 8.)
1099 1102 1180 1142 nisi
1212 1104 1255 1143 in
1299 1117 1376 1154 eo,
1416 1103 1532 1158 quod

62 1174 298 1228 scriptores
329 1174 605 1215 ecclesiastici
634 1174 772 1214 rarius
802 1189 856 1216 eo
886 1184 1085 1227 utantur,
1114 1177 1303 1232 illudque
1332 1178 1530 1232 tanquam

61 1248 311 1303 exquisitius
341 1258 385 1289 et
413 1247 595 1288 sanctius
626 1247 839 1304 quoddam
866 1248 1121 1290 vocabulum
1148 1250 1352 1303 apostolis
1374 1250 1532 1290 Christi

64 1322 182 1376 quasi
210 1331 449 1362 reservent.
508 1322 710 1384 Quamvis
738 1323 869 1378 igitur
897 1338 940 1377 p.
971 1340 1010 1377 7.
1041 1331 1084 1363 et
1116 1322 1226 1364 infra
1254 1339 1296 1378 p.
1329 1327 1395 1369 23.
1436 1323 1532 1366 coll.

63 1410 106 1450 p.
138 1409 204 1451 29.
237 1396 290 1435 de
320 1397 481 1435 Joanne
512 1396 672 1436 dictum
701 1397 777 1437 sit:
809 1395 913 1453 περὶ
943 1389 969 1438 ἕ
997 1398 1084 1440 νῦν
1114 1395 1533 1454 εὐηγγελίσατο

63 1462 240 1521 αὐτοῖς,
280 1470 507 1510 laetissima
546 1477 686 1510 tamen
724 1471 891 1526 jamjam
933 1471 1123 1511 instantis
1169 1471 1435 1511 liberationis
1464 1484 1535 1509 an-

61 1544 267 1584 nuntiatio
306 1559 392 1585 non
431 1536 688 1601 εὐαγγέλιον
719 1546 787 1599 (ut
819 1545 862 1584 in
891 1546 941 1584 N.
972 1545 1074 1599 T.)‚
1107 1544 1184 1585 sed
1212 1536 1534 1601 εὐαγγελισμός

62 1617 220 1658 dicitur
247 1617 304 1671 ³⁸).

168 1695 213 1733 Ιιι
243 1694 477 1748 Evangelio
509 1692 756 1743 Nicodemi‚
803 1700 847 1732 ut
878 1706 1007 1745 supra
1035 1691 1229 1741 allatum,
1273 1689 1367 1744 ipse
1408 1689 1535 1728 Joau·

61 1767 126 1806 nis
173 1760 492 1824 εὐαγγελισμός
530 1766 770 1806 exhibetur.
840 1767 964 1804 Hunc
1003 1777 1111 1804 vero
1149 1765 1309 1802 Noster
1352 1761 1509 1802 omittit
1522 1775 1534 1811 ;

62 1855 156 1879 nam
200 1841 331 1883 verba
371 1855 415 1895 p.
445 1844 515 1888 4:
554 1838 628 1882 καὶ
666 1832 893 1895 ἐμήνυσεν
932 1845 1024 1883 τοῖς
1067 1838 1230 1887 ἐκεῖσε,
1253 1835 1329 1878 ὅτι
1358 1835 1533 1893 ἔρχεται

62 1913 86 1957 ό
115 1911 240 1972 ἥλιος
269 1916 348 1971 τῆς
378 1908 663 1969 δικαιοσύνης
693 1912 763 1955 καὶ
801 1905 938 1962 ἐξάξει
968 1906 1100 1957 αὐτὲς
1118 1911 1207 1964 (vel
1234 1904 1394 1965 ὑμᾶς),
1423 1923 1534 1949 sum-

61 2005 171 2032 mam
200 1991 370 2046 quidem
400 1999 444 2031 et
474 1989 691 2030 materiam
719 1987 938 2043 praeconii
967 1985 1140 2036 indicat,
1183 1984 1259 2023 sed
1288 1997 1373 2024 non
1402 1984 1534 2038 ipsam

65 2066 276 2118 formam,
306 2079 389 2121 qua
427 2063 645 2120 loquendo
684 2076 785 2102 usus
826 2060 984 2110 fuerit,
1030 2058 1286 2112 exprimunt.
1343 2059 1533 2096 Examen

64 2140 208 2194 potius
252 2139 432 2181 instituit
472 2152 567 2180 cum
612 2135 845 2190 Prophetis
899 2133 1173 2187 singulosque
1210 2138 1442 2185 provocat,
1485 2138 1534 2170 ut

132 2368 171 2414 ')
196 2370 236 2403 ln
271 2368 406 2403 Leonis
441 2369 580 2404 Allatii
609 2368 728 2402 Diatr.
766 2365 812 2400 de
850 2364 1078 2409 Symeonum
1110 2360 1270 2407 scriptis.
1295 2359 1406 2394 Paris.
1432 2354 1533 2393 1664.

204 2433 238 2468 4.
277 2435 404 2481 plures
444 2435 632 2469 orationes
677 2434 716 2466 in
751 2430 1042 2465 decollationem
1083 2425 1275 2461 Prodi-omi
1318 2424 1531 2457 laudantur.

199 2502 303 2535 Inter
328 2501 393 2534 has
420 2512 570 2547 quoqne
598 2512 633 2544 p.
659 2498 715 2532 83.
740 2497 941 2532 Michaelis
967 2494 1084 2528 Pselli
1105 2490 1207 2537 λόγος
1231 2489 1278 2526 εἷς
1310 2487 1374 2524 τόν
1398 2485 1534 2533 ’E'voey-

195 2564 376 2614 γελωμὸν.
417 2566 491 2600 Sed
534 2566 708 2605 dubium,
755 2577 801 2597 an
838 2575 912 2596 non
948 2562 996 2594 sit
1020 2559 1167 2604 festum
1207 2553 1529 2591 annuntiationis,

203 2632 306 2681 quod
339 2635 477 2667 Graeci
501 2627 836 2678 εὖαγγελισμόν
863 2640 1006 2662 vocare
1033 2627 1163 2659 solent.

1166 2691 1195 2737 9
