1773 3032
643 159 939 201 -131—

55 278 207 334 ’Λύδην
240 279 514 337 (lustrorum
555 279 816 331 Dominum)
858 286 902 319 et
944 278 1185 320 Diabolum.
1254 282 1359 324 Cum
1402 285 1513 325 enim

0 394 1 407 χ
51 351 300 406 Prophetae
324 349 379 390 ob
409 350 564 391 laetum
592 352 785 392 nuntium
815 351 868 391 de
900 351 1153 392 liberatione
1186 367 1239 393 ex
1269 357 1514 410 captivitate

54 433 99 465 et
126 424 397 465 restitutione
427 424 480 463 ad
508 424 732 464 meliorem
760 433 920 465 sortem
961 425 1161 466 laetitiam
1200 441 1316 467 suam
1359 432 1517 483 prode·
1556 417 1561 427 ι

53 507 152 538 rent
186 507 231 538 et
271 497 401 552 jubila
446 499 705 538 extollerent
757 492 1121 555 (α’γαλλιωμένων
1163 499 1311 543 αὐτῶν
1348 502 1422 544 ἐπί
1459 504 1518 563 τῇ

51 572 309 628 προτροπῇ,
339 565 674 627 μεγαλόφρονες
704 571 982 628 φλυιιρὲσιν),
1015 575 1155 614 Hades
1187 588 1350 615 causam
1382 585 1425 617 et
1448 592 1518 619 oc·

53 645 265 686 casionem
308 645 432 698 hujus
471 644 655 685 laetitiae
686 655 727 684 et
755 647 1046 686 exsultationis
1087 648 1267 702 quaerit.
1322 651 1517 704 Respon-

53 720 159 760 dens
207 718 413 759 Diabolus
455 719 600 773 paucis
640 719 747 759 hanc
790 733 953 760 causam
993 720 1300 777 historiamque
1344 724 1518 764 Joannis

52 792 271 847 Baptistae
314 792 502 846 exponit.
562 793 750 846 Egregie
795 802 933 833 autem
974 793 1112 849 pingit
1149 795 1307 835 Noster
1346 796 1519 837 Diaboli

51 873 96 906 et
130 858 380 921 πανέργταν
408 865 534 904 simul
565 873 608 904 et
638 862 819 907 δειλίαν.
853 867 1099 919 Dissimulat
1115 869 1520 922 quidemtimorem,

51 951 145 978 rem
173 938 231 979 ita
259 946 416 988 narrat,
446 952 492 978 ac
522 939 557 977 si
585 939 707 992 parvi
738 948 851 979 esset
873 941 1100 991 momenti3
1134 941 1234 980 dicit
1266 943 1400 983 enim:
1429 959 1519 998 μι-

52 1003 150 1067 κροῖ
194 1026 321 1054 τινα
357 1010 430 1053 καὶ
458 1009 538 1067 ἐμέ
573 1005 817 1065 ἐλύπησεν,
848 1026 942 1052 cum
971 1020 1111 1052 tamen
1141 1014 1271 1053 multa
1301 1023 1343 1054 et
1374 1031 1522 1072 magna

52 1087 136 1127 sint
163 1085 284 1135 mala,
315 1083 467 1139 quibus
497 1097 593 1123 eum
621 1093 805 1140 uterque
836 1085 1099 1125 adversarius
1129 1086 1314 1139 adfecit3
1344 1089 1521 1142 fatetur,
1575 1084 1578 1085 ⁷

51 1173 98 1201 se
127 1159 178 1201 ab
207 1160 328 1200 initio
358 1174 443 1200 non
473 1160 563 1198 sine
593 1158 748 1198 timore
778 1157 908 1199 fuisse
950 1153 1173 1216 (μεγάλως
1205 1158 1441 1219 ἐλυπήθην
1469 1167 1518 1208 ἐν

51 1235 108 1291 τῇ
136 1225 249 1290 α’ρχῆ
276 1231 348 1275 καὶ
377 1225 669 1288 ἐφοβήθην),·
708 1231 782 1271 sed
815 1231 913 1271 dum
943 1246 988 1272 se
1028 1233 1286 1287 impavidum
1313 1237 1443 1291 jactat
1473 1247 1519 1278 ct

51 1307 200 1346 Haden
232 1315 414 1361 propter
443 1306 568 1345 animi
595 1304 868 1359 pusillitatem
895 1305 1088 1360 increpat
1105 1336 1117 1358 ‚
1155 1321 1359 1361 pavorem
1378 1336 1391 1362 ,
1434 1328 1517 1368 quo

53 1379 145 1434 ipse
177 1387 322 1434 captus
352 1387 547 1428 tenetur,
577 1391 705 1432 aegre
735 1386 881 1432 potest
909 1378 1061 1419 celare.
1118 1381 1229 1420 Hadi
1264 1391 1307 1422 et
1330 1383 1520 1426 sibimet->

52 1453 135 1507 ipsi
174 1452 428 1507 persuadet,
466 1466 512 1492 se
544 1460 817 1492 contemnere
850 1452 1021 1493 ἐκεῖνον
1049 1451 1131 1495 τόν
1153 1449 1403 1511 α’νθρώπον
1426 1459 1451 1497 i.
1476 1473 1514 1500 e.

50 1526 220 1576 Jesum,
260 1525 336 1564 sed
377 1525 646 1565 nihilominus
684 1526 809 1565 timet
836 1534 879 1565 et
913 1536 1032 1567 curat
1073 1542 1195 1580 eum,
1225 1530 1278 1569 (le
1310 1545 1394 1585 quo
1426 1533 1518 1588 glo·-

49 1599 210 1638 riatur:
251 1596 369 1639 εἷκέτι
408 1591 646 1653 ἐφρόντισα
686 1597 789 1655 περὶ
819 1592 925 1641 τέτε
966 1609 1011 1641 et
1048 1615 1169 1642 mox:
1210 1601 1266 1644 ου’
1306 1604 1515 1660 φοβὲ,ιιαι

50 1664 202 1716 αὐτόν.

155 1748 298 1788 Hades
328 1746 500 1787 Diaboli
539 1746 783 1787 fictionibus
814 1755 858 1788 et
896 1746 1070 1790 fallaciis
1110 1752 1353 1808 neutiquam
1393 1749 1513 1794 indu-

48 1820 184 1872 citur,
213 1821 288 1861 sed
309 1828 454 1872 recte,
484 1806 586 1875 quitl
615 1821 669 1860 sit
698 1815 914 1872 futurum,
955 1832 1208 1879 auguratur,
1253 1835 1296 1867 et
1322 1826 1512 1885 πένθος,

47 1888 198 1949 λύπην
227 1903 273 1934 et
298 1891 635 1950 καταγέλασμ-ον
664 1894 799 1937 timet.
855 1896 1093 1936 Exsultatio
1122 1899 1438 1954 Prophetarum
1468 1915 1512 1946 et

48 1980 146 2020 spes
175 1966 378 2008 victoriae
411 1967 493 2020 ipsi
523 1975 587 2007 est
615 1961 855 2008 lamentatio
887 1977 930 2008 et
959 1970 1085 2010 cladis
1105 1975 1382 2026 exspectatio.
1411 1979 1511 2019 Dia-

46 2039 171 2080 bolus
196 2053 302 2080 vero
333 2040 528 2080 inhaeret
556 2054 654 2080 suae
682 2039 842 2081 fictioni
873 2051 917 2081 et
947 2042 1027 2082 sibi
1066 2046 1271 2101 socioque
1303 2062 1380 2103 suo
1410 2063 1509 2105 per-2

47 2113 227 2154 suadere
274 2115 440 2169 pergit:
482 2116 628 2154 Jesum
657 2129 743 2155 non
792 2130 885 2155 esse
924 2116 1055 2156 filium
1092 2118 1201 2170 Dei,
1241 2122 1316 2161 sed
1351 2138 1508 2177 purum

45 2192 196 2239 putum
236 2185 476 2236 hominem,
514 2187 645 2227 filium
684 2188 839 2228 Mariae
871 2197 914 2229 et
949 2191 1155 2245 Josephi‚
1202 2194 1322 2249 cujus
1346 2200 1506 2240 natales

46 2267 91 2298 et
122 2258 203 2298 fata
231 2257 422 2299 breviter
453 2269 662 2305 recenset.
721 2262 1002 2303 Confirmatus
1031 2265 1114 2305 fuit
1151 2266 1194 2305 in
1235 2282 1311 2309 suo
1356 2286 1508 2315 errore

42 2330 237 2387 inprimis
275 2333 390 2374 facto
434 2335 642 2389 quodam,
688 2337 802 2390 quod
845 2337 897 2377 ad
935 2352 1056 2378 suum
1092 2339 1260 2381 libitum
1292 2343 1505 2400 interpre-

43 2413 153 2446 tatus
185 2415 290 2448 erat.
347 2409 498 2449 Narrat
536 2406 734 2449 nimirum
771 2411 1004 2452 Matthaeus
1035 2415 1078 2453 in
1108 2416 1326 2471 evangelio
1359 2433 1436 2460 suo
1468 2435 1503 2461 c.

43 2476 155 2523 XIV.
188 2479 248 2522 13.
280 2481 398 2535 (coll.
430 2483 577 2524 Matth.
609 2485 679 2526 IV.
715 2497 774 2524 12.
805 2487 933 2526 Marc.
963 2489 994 2526 Ι.
1030 2489 1112 2541 14.)
1144 2490 1196 2528 de
1226 2490 1355 2542 Jesu,
1387 2502 1504 2547 post-

45 2567 167 2608 quam
196 2569 311 2596 mors
339 2557 511 2598 Joannis
541 2559 581 2597 ei
609 2567 721 2599 essct
749 2560 1008 2601 annuntiata:
1039 2560 1133 2603 Καὶ
1162 2555 1326 2612 α’κέσας
1356 2564 1382 2609 0‘
1411 2565 1503 2622 Ἰη-

40 2626 143 2680 σὲς,
170 2621 448 2687 ἀνεχώρησεν
485 2631 663 2674 ἐκεῖθεν
690 2632 739 2676 ἕν
777 2632 915 2693 πλοίῳ
946 2636 1008 2681 εἰς
1039 2635 1214 2691 ἔρημον
1244 2633 1389 2682 τόπον
1417 2654 1500 2683 κατ

1078 2712 1170 2758 9,.
