1867 3053
883 196 1152 239 -72-

289 318 535 361 Concilium.
577 319 780 372 Antverp.
821 319 941 363 1681.
980 321 1020 362 4.
1050 314 1115 355 Cf.
1153 316 1270 369 Pagi
1308 316 1359 357 ad
1385 316 1541 355 Baron.
1579 328 1616 355 a.
1644 315 1740 362 341.

288 399 332 435 et
359 392 608 431 Schroeckii
654 392 737 431 chr.
776 388 1107 443 Kirchengesch.
1147 390 1198 428 Τ.
1227 389 1298 431 VI.
1328 404 1370 443 p.
1399 388 1597 445 59—68.
1652 388 1742 427 Ire·

287 465 427 504 nicum
465 461 891 507 fuisseffPraesulibus
929 460 1053 515 hujus
1085 460 1243 513 Synodi
1292 461 1512 501 consilium
1538 458 1743 500 studium-

288 549 371 590 que
401 548 644 587 commune,
686 544 734 575 ut
761 550 842 588 pax
882 535 995 574 inter
1024 533 1264 573 Catholicos
1294 542 1418 587 atque
1449 533 1627 573 Arianos
1655 540 1742 572 tam

289 608 363 647 diu
390 608 627 663 interrupta
669 609 940 659 restituatur,
980 609 1048 651 vel
1078 621 1130 646 ex
1161 621 1213 647 eo
1257 614 1401 665 potest
1430 606 1599 662 colligi,
1627 606 1745 663 quod

288 682 519 728 Eusebium
547 691 739 727 nostrum
768 685 811 722 in
841 682 1054 723 Athanasii
1081 682 1223 722 locum
1251 680 1515 721 sufficerent.

399 792 438 830 Is
470 789 581 832 enim
608 804 691 829 non
705 791 839 830 solum
862 790 917 829 ob
947 789 1244 841 eruditionem,
1275 788 1490 842 ingenium
1507 796 1550 828 et
1569 788 1746 843 loquen-

290 861 334 904 di
362 859 604 902 facultatem
633 862 848 912 eximiam,
879 877 959 916 qua
990 870 1254 915 praestaret,
1293 861 1443 915 dignus
1495 859 1747 913 habebatur,

290 934 364 989 qui
391 933 616 977 Athanasio
656 934 930 984 succederet,
961 934 1036 973 sed
1090 934 1238 986 etiam,
1281 948 1377 974 cum
1417 933 1530 973 inter
1558 935 1748 976 acriores

288 1008 513 1062 utriusque
541 1008 673 1061 partis
705 1008 996 1062 antesignanos
1027 1015 1223 1062 tanquam
1258 1008 1549 1048 medioxumus
1580 1007 1749 1062 quidam

290 1088 444 1130 staret,
477 1079 528 1123 ad
557 1079 839 1123 dirimendum
869 1089 995 1135 atque
1041 1081 1378 1135 componendum
1418 1081 1501 1122 hoc
1530 1081 1750 1122 dissidium

290 1165 393 1206 prae
424 1154 579 1193 ceteris
610 1154 787 1194 idoneus
818 1153 1054 1196 videbatur.

400 1265 457 1304 At
484 1265 641 1304 Noster
684 1266 930 1320 dignitatem
972 1267 1097 1311 titulo
1135 1275 1218 1306 tam
1256 1266 1497 1307 honorabili
1540 1266 1584 1305 in
1611 1265 1751 1320 ipsum

294 1338 546 1381 collocatam
586 1342 808 1382 recusavit.
864 1341 1138 1401 Nal*1*abimus
1169 1342 1398 1383 Sozomeni
1429 1341 1552 1394 (270)
1583 1337 1751 1381 verbis:

290 1407 399 1467 ᾤετο
426 1405 509 1468 γοέρ
540 1413 769 1462 (Eusebius
798 1413 1148 1464 Nicomediensis,
1180 1412 1359 1453 Concilii
1385 1414 1584 1461 Praeses)
1614 1404 1754 1455 αὐτόν

294 1477 346 1525 οὐ
374 1479 498 1539 μάλα
529 1480 908 1541 πολιτευόμενον,
936 1486 1010 1528 καὶ
1036 1483 1181 1542 λέγειν
1225 1479 1460 1540 κράτιστον
1487 1481 1598 1526 ὄντα
1626 1482 1753 1540 ῥαδί-

293 1573 351 1605 ως
381 1560 653 1614 μεταστῆσαι
681 1554 757 1606 veis·
786 1560 1033 1618 Αἰγυπτίας
1059 1562 1140 1615 τῆς
1168 1558 1268 1614 περὶ
1298 1551 1579 1601 Ἀθανιῖσιον
1605 1550 1753 1598 εὐνοί-

293 1647 360 1678 ας·
391 1632 484 1675 ἐπεὶ
516 1632 564 1675 δὲ
591 1628 758 1688 ταύτην
787 1627 1070 1689 παρῃτήσατο
1110 1632 1194 1688 τήν
1236 1630 1536 1689 χειροτονίαν,
1575 1623 1755 1686 λογισά-

291 1721 432 1760 μενος
474 1705 531 1753 οἷς
577 1706 784 1765 εὐτρεπὲς
834 1701 1008 1764 εὑρήσει
1048 1712 1178 1761 μῖσος
1222 1703 1342 1760 παροέ
1382 1697 1755 1759 Ἀλεξανδρεῦσιν

295 1793 347 1819 «εκ
377 1778 663 1836 dolenen-{vong-
705 1785 855 1836 ἕτερον
900 1779 1002 1822 (ἔντὶ
1024 1775 1279 1823 Ἀθανασίε
1310 1776 1445 1827 ἰδεῖν,
1475 1774 1753 1832 ἐπιτρέπεται

299 1846 538 1908 Γρηγόριος
576 1851 659 1906 τήν
698 1854 787 1895 τῶν
818 1847 1172 1909 Ἀλεξανδρέων,
1224 1846 1356 1899 αὑτός
1402 1850 1450 1894 δὲ
1476 1848 1562 1907 τήν
1589 1845 1755 1904 Ἐμέ-

295 1938 394 1979 σης
426 1924 672 1980 ἐκκλησίαν.
728 1927 1002 1966 Excusandus
1033 1935 1150 1965 certe
1200 1925 1242 1964 in
1275 1939 1326 1965 eo
1358 1926 1526 1964 Noster.
1584 1925 1687 1963 Nam
1717 1923 1754 1963 si

296 2002 423 2041 etiam
457 2013 540 2038 non
569 2000 639 2039 illa
668 2001 711 2039 in
741 2001 834 2054 ipso
867 2000 990 2039 animi
1018 1998 1098 2038 {uit
1129 1998 1362 2039 constantia
1392 2005 1435 2037 et
1462 1995 1628 2046 fiducia,
1646 2007 1755 2050 quae

297 2073 340 2109 in
368 2072 608 2111 hominibus
640 2073 930 2113 eminentioris
960 2073 1129 2113 virtutis
1159 2081 1203 2111 et
1242 2072 1443 2112 heroibus
1488 2068 1755 2123 deprehendi

297 2146 428 2194 solet,
485 2158 650 2200 quaque
700 2158 769 2189 res
813 2145 963 2185 arduas
1013 2154 1056 2185 ct
1112 2144 1378 2187 difficillimas
1438 2142 1632 2183 alacriter
1684 2153 1754 2193 ag-

297 2219 572 2272 grediuntur3
622 2226 760 2256 tamen
806 2217 1012 2256 modestia
1055 2225 1098 2257 et
1137 2217 1363 2271 prudentia
1409 2213 1635 2263 laudanda,
1675 2224 1757 2265 qua

296 2290 592 2330 Alexandrinis
634 2299 720 2329 tam
771 2290 961 2344 impense
1005 2304 1125 2330 suum
1163 2290 1434 2330 Athanasium
1475 2285 1760 2327 adamantibus

299 2363 489 2413 obtrudi,
533 2371 659 2416 atque
701 2361 873 2413 officio,
918 2363 986 2402 cui
1020 2375 1129 2402 nunc
1172 2360 1414 2401 satisfacere
1463 2374 1551 2400 non
1599 2366 1761 2413 posset,

298 2436 416 2490 iungi
464 2436 612 2475 nollet.
668 2437 920 2475 Annuerunt
964 2449 1136 2490 quoquc
1180 2443 1323 2489 patres
1370 2431 1625 2473 Antiochcni
1669 2430 1761 2484 ejus

298 2508 498 2561 precibus
531 2509 655 2562 cique
685 2509 800 2547 aliam
834 2509 1118 2562 provinciam,
1158 2508 1463 2561 Episcopatum
1491 2508 1763 2551 Emesenum,

300 2582 677 2632 demandaverunt,
722 2596 845 2636 quam
887 2582 1010 2636 ctiam
1058 2580 1319 2634 provinciam
1358 2586 1506 2632 parato
1547 2578 1683 2618 animo
1720 2576 1762 2614 in

298 2668 343 2692 se
374 2654 572 2707 suscepit.
