1913 3073
704 201 972 247 ...69-

105 321 294 364 collectis
322 319 510 376 undique
539 333 591 362 ex
622 322 803 377 antiquis
835 322 1118 377 scriptoribus
1147 325 1334 380 notitiis,
1362 327 1569 371 Memora-

103 396 204 437 bilia
234 396 327 450 ejus
357 395 435 437 sub
465 398 601 451 capita
630 395 836 453 quaedam
859 397 1090 453 praecipua
1126 411 1349 440 revocare.

215 507 246 546 1.
304 505 502 548 Socrates
543 515 587 546 et
615 506 879 548 Sozomenus
919 521 972 548 ex
1000 508 1191 562 Georgio
1222 509 1354 549 Laod.
1385 519 1570 563 narrant,

103 577 352 630 Eusebium,
383 588 607 635 postquam
634 580 726 635 {per
770 580 931 636 aliquot
970 590 1139 636 tempus
1171 582 1424 622 Antiochiae
1455 597 1569 624 com-

103 663 290 694 moratus
310 661 353 692 et
384 667 478 693 cum
508 654 760 708 Euphronio
784 667 1032 695 successore
1065 656 1278 695 Eustathii
1307 655 1573 705 familiariter

103 727 352 780 conjunctus
382 723 537 778 fuerit,
578 739 675 767 cum
724 726 951 766 sacerdotii
982 740 1133 766 munus
1166 727 1302 767 vitare
1331 730 1488 781 vellet,
1517 730 1572 770 A·

101 798 362 841 lexandriam
392 812 437 839 se
479 800 736 851 contulisse,
784 800 929 857 ibique
959 800 1263 854 Philosophiae
1293 815 1467 855 operam
1498 803 1571 841 cle-

103 871 228 912 disse.
285 874 477 929 Uterque
509 873 697 926 scriptor
726 872 877 912 iisdem
912 871 1006 912 fere
1035 873 1172 913 utitur
1207 872 1364 914 verbis.
1422 875 1573 917 Socra-

102 952 169 984 tes
199 945 395 1000 quidem:
438 939 662 1004 φεύγοντά
691 961 741 988 τε
769 939 853 999 τήν
889 939 1159 1000 ἱερωσύνην,
1188 947 1461 1003 καταλαβεῖν
1489 943 1574 1004 τήν

99 1013 470 1075 ’Λλεξι-ἷνὸρειαν,
513 1019 642 1061 occlusi
678 1022 856 1075 μαθεῖν
898 1012 954 1062 ‘tce'
996 1014 1233 1077 ᾳιλόσοφα.
1306 1021 1571 1066 Sozomenus

83 1102 266 1135 -autemz
301 1088 479 1152 φεύγων
518 1108 567 1136 τε
610 1093 853 1149 ἱερᾶσθαι,
893 1090 1087 1147 (ἐφίκετο
1117 1094 1178 1141 {cg
1206 1087 1573 1152 Ἀλεξάνδρειαν,

102 1161 363 1225 φιλοσόφοις
392 1175 485 1214 τοῖς
515 1166 622 1225 τῇδε
652 1160 892 1222 φοιτήσας,
930 1165 1005 1209 καὶ
1039 1161 1095 1209 ‘ccc'
1143 1167 1324 1213 ἐκείνων
1354 1168 1574 1225 α’σκηθεὶς

103 1234 387 1298 μαθήματα,
416 1241 679 1299 ἐπανῆλθεν
708 1243 771 1288 εἷς
798 1236 1086 1298 Ἀντιόχειαν
1099 1252 1179 1284 etc.
1202 1245 1242 1299 *)

217 1351 438 1392 Abhorret
479 1350 563 1391 hoc
603 1352 776 1407 quidem
819 1367 842 1392 a
890 1353 1082 1393 moribus
1112 1353 1269 1394 saeculi
1297 1358 1458 1410 nostri,
1495 1359 1571 1399 sed

104 1424 349 1479 neutiquam
379 1437 403 1464 a
433 1424 738 1465 consuetudine
760 1425 956 1481 antiquae
973 1425 1191 1466 ecclesiae.
1249 1428 1428 1469 Tantum
1461 1432 1573 1471 enim

104 1495 262 1547 abfuit,
302 1504 350 1536 ut
390 1511 540 1537 munus
587 1499 849 1539 sacerdotale
891 1508 1016 1553 atque
1064 1499 1331 1553 episcopale,
1375 1510 1571 1558 tanquam

101 1570 381 1621 beneficium,
410 1572 485 1625 (eo
514 1583 660 1621 sensu,
705 1585 790 1625 quo
821 1572 1055 1613 recentiori
1094 1585 1200 1613 aevo
1230 1574 1418 1628 sumunt)
1458 1576 1570 1617 votis

104 1659 153 1686 ac
195 1645 417 1688 desideriis
459 1652 762 1698 expeteretur,
803 1653 850 1685 ut
878 1646 1023 1699 potius
1052 1654 1247 1702 tanquam
1279 1647 1469 1691 officium
1512 1660 1571 1692 at-

104 1732 188 1776 quc
213 1733 318 1759 onus
358 1719 649 1774 gravissimum
677 1727 720 1758 et
762 1718 1170 1772 periculosissimum
1201 1721 1569 1764 extimesceretur.

103 1793 223 1847 Fuga
255 1793 482 1834 sacerdotii
512 1801 556 1832 et
585 1791 855 1845 episcopatus
904 1799 988 1831 tam
1019 1792 1170 1832 crebra
1200 1802 1314 1843 erat,
1342 1802 1390 1833 ut
1420 1795 1569 1834 Candi-

106 1867 204 1917 dati,
236 1868 308 1923 qui
337 1867 388 1908 ad
416 1868 499 1908 hoc
527 1880 677 1906 munus
706 1866 851 1905 idonei
892 1865 1176 1918 haberentur,
1209 1868 1395 1926 undique
1425 1878 1570 1910 essent

105 1938 386 1997 conquirendi
426 1947 470 1978 et
498 1939 608 1978 haud
637 1952 736 1978 raro
781 1938 903 1979 inviti
949 1947 993 1978 et
1022 1938 1196 1980 obtorto
1229 1941 1346 1996 quasi
1375 1944 1485 1984 collo
1515 1944 1568 1984 ad

104 2013 418 2066 suscipiendum
447 2025 596 2051 munus
633 2018 774 2050 essent
804 2010 999 2064 cogendi.
1055 2012 1256 2052 Nonnulli
1283 2023 1384 2067 post
1420 2016 1568 2070 longas

107 2084 334 2139 enixasque
366 2083 687 2137 deprecationes
717 2083 829 2123 nacti
857 2091 953 2123 sunt
980 2084 1166 2123 muneris
1210 2084 1448 2126 declinandi
1476 2100 1569 2141 gra-

106 2158 207 2197 tiam
236 2166 280 2197 et
307 2157 496 2208 veniam3
528 2157 596 2196 alii
625 2157 669 2196 in
697 2155 799 2211 fuga
827 2157 897 2198 vel
927 2156 1207 2198 absconsione
1237 2131 1413 2198 cglutem
1444 2172 1569 2215 quae-

106 2234 322 2282 siverunt3
352 2231 420 2271 alii
449 2231 655 2287 denique,
685 2231 800 2287 quod
826 2231 898 2273 vix
928 2231 1134 2272 credibile
1164 2232 1361 2285 videtur,
1403 2234 1569 2274 simula-

103 2317 146 2349 ta
176 2307 332 2347 insania
376 2306 449 2345 tali
475 2306 642 2345 muneri
686 2320 778 2345 sese
818 2305 1069 2346 subtrahere
1115 2307 1256 2347 conati
1280 2317 1388 2349 sunt.
1444 2311 1566 2349 Innu-

106 2393 224 2420 mera
252 2377 345 2420 fere
374 2388 469 2420 sunt
495 2380 619 2435 hujus
647 2378 1009 2421 reformidationis
1049 2388 1094 2421 et
1119 2383 1397 2425 recusationis
1427 2396 1567 2425 exem-

175 2602 214 2646 *)
240 2603 323 2638 Non
357 2608 434 2637 tam
466 2609 655 2646 accurate,
693 2608 736 2638 ut
767 2603 858 2638 alias
886 2604 1004 2647 solet,
1040 2602 1317 2641 Schroeclshius
1340 2603 1409 2651 (T.
1441 2604 1503 2639 VI.
1530 2614 1566 2649 p,

242 2668 310 2714 69)
335 2668 430 2705 hauc
453 2671 629 2717 exposuit
657 2670 862 2706 historiam.
