1773 3032
812 78 1114 125 -1-1684

232 211 326 238 oum
364 199 593 255 Evangelio
633 201 853 243 Nicodemi
892 201 1122 254 consentit,
1151 202 1194 241 in
1222 202 1428 243 nonnulli·
1458 211 1594 243 autem
1626 194 1678 242 af)

230 283 431 329 utroque·
446 276 638 316 discedit.
695 276 793 338 Quo
822 275 993 330 posito,
1034 273 1243 315 Eusebius
1272 277 1432 330 primus
1479 275 1680 316 dicendus

228 355 356 396 essct,
384 348 494 402 apud
521 362 646 403 quem
673 348 780 388 hanc
807 346 1073 388 traditionem
1092 346 1410 388 vetustissimam
1423 347 1680 388 inveniamus

230 434 485 475 expressam.

336 495 539 534 Ceterum
567 493 620 534 de
648 494 726 533 hac
750 493 999 547 prioritate,
1029 505 1083 534 ex
1110 501 1256 534 nostra
1297 492 1470 549 quidem
1511 504 1680 536 seuten-

228 567 310 618 fia,
349 582 433 607 uon
472 567 648 606 multum
688 575 752 606 est
788 566 901 621 quod
937 567 1222 621 disputemus,
1266 581 1360 607 cum
1398 566 1588 622 quaestio
1625 568 1678 607 (le

228 655 329 680 vera
389 638 561 679 Pseudo
601 659 619 667 -
652 637 871 692 Evangelii
919 645 1056 677 aetate
1106 637 1283 693 ejusque
1331 638 1572 693 integritate
1636 645 1679 677 ct

227 711 538 765 compositione
580 712 765 751 nondum
805 711 858 750 ad
903 710 1109 766 liquidum
1168 711 1223 750 sit
1268 711 1457 752 adducta.
1545 711 1674 772 Quod

226 789 261 825 si
290 795 459 836 autem,
493 786 723 826 secundum
764 785 951 839 regulam
991 784 1326 839 generaliorem,
1362 785 1548 825 narratio
1583 786 1677 825 sim-

225 859 403 913 plicior,
432 857 609 898 brevior
636 866 761 912 atque
793 858 1068 909 concinnior,
1108 858 1328 909 ornatiori,
1368 858 1592 912 prolixiori
1631 866 1675 899 et

225 928 502 985 protractiori
548 937 612 968 est
653 929 961 982 praeferenda,
1005 930 1063 970 ita
1104 938 1151 970 ut
1192 930 1244 970 de
1285 943 1333 970 ee
1373 930 1506 970 valeat
1548 930 1674 970 illud:

225 1003 379 1044 erescit
409 1003 562 1052 eundo,
578 1002 786 1042 Eusebius
816 1004 988 1044 omnino
1018 1005 1231 1060 antiquior
1262 1005 1345 1043 erit
1368 1004 1613 1064 censendus,
1631 1013 1675 1045 et

224 1076 685 1118 Pseudo-Nicodemus
741 1084 785 1116 et
834 1076 1095 1130 Epiphanius
1148 1077 1239 1130 ejus
1276 1077 1510 1117 imitatores
1548 1084 1674 1132 atque

225 1149 547 1203 amplificatores
575 1147 768 1189 habendi.
825 1150 912 1189 Set]
943 1151 1069 1190 etiam
1100 1150 1203 1190 haee
1231 1150 1376 1204 regula
1404 1151 1561 1204 patitur
1604 1164 1674 1191 ex-

224 1224 490 1277 ceptionem,
535 1235 672 1276 neque
713 1222 901 1263 videmus
924 1253 937 1275 ‚
985 1223 1088 1279 quid
1126 1223 1181 1264 sit
1232 1223 1593 1277 respondendum,
1638 1222 1674 1261 si

174 1333 177 1335 .
225 1296 317 1350 quis
347 1309 400 1335 cx
429 1296 690 1351 breviloquii
719 1297 894 1345 studio,
933 1309 1018 1352 quo
1055 1305 1140 1337 tam
1179 1296 1351 1350 insignis
1392 1304 1456 1336 est
1501 1297 1675 1336 Emese-

222 1385 322 1420 nus‚
363 1370 601 1423 parciorem
640 1370 745 1410 hane
793 1378 838 1410 et
882 1369 1122 1411 sobriorem
1160 1369 1398 1410 traditionis
1443 1382 1563 1408 usum
1603 1381 1673 1407 ex-

222 1441 382 1496 plicare
411 1441 525 1481 velit.

331 1515 556 1567 Utcunque
585 1523 724 1554 autem
756 1528 800 1554 se
830 1528 899 1554 res
929 1514 1100 1565 habeat,
1128 1515 1210 1554 hoc
1239 1522 1414 1563 certum,
1440 1513 1670 1554 Eusebium

223 1585 336 1626 inter
365 1595 559 1628 oratores
588 1588 854 1642 mythologos
885 1600 978 1628 esse
1007 1588 1293 1630 referendum.
