1773 3032
641 141 938 186 „133-

52 255 289 317 ιῖκάθαρτα
314 259 392 306 καὶ
420 254 624 318 πονηροί,
656 261 831 318 quibus,
860 270 1058 318 tanquam
1089 262 1306 313 hostibus,
1345 263 1520 304 abscon-

52 337 113 378 dit
155 338 274 376 Deus
313 344 485 375 aeterna
527 349 600 374 sua
643 335 816 375 consilia
847 343 891 375 ct
920 335 1092 375 decreta
1132 336 1186 375 de
1227 336 1518 391 promovenda

54 409 271 449 hominum
299 407 433 449 salute
462 422 544 464 per
577 408 809 448 Christum.

155 485 223 524 Ex
259 482 439 524 historia
482 483 728 537 evangelica
768 482 1011 523 luculenter
1056 489 1259 536 apparet,
1289 483 1516 523 Diabolum

47 557 138 612 (qui
168 557 211 596 in
247 556 290 597 S.
321 556 365 596 S.
398 565 443 597 et
471 556 665 596 doctrina
697 556 984 597 ecclesiastica
1016 569 1102 595 non
1141 556 1262 606 Deo,
1291 555 1367 595 sed
1397 556 1517 595 Chri-

45 640 110 670 sto
143 631 397 684 opponitur)
434 631 644 670 incertum
675 639 718 670 et
750 630 923 670 dubium
952 629 1111 682 fuisse,
1142 644 1193 669 an
1221 629 1416 670 Christus
1463 630 1516 669 sit

42 705 151 744 filius
181 704 279 754 Dei,
307 716 387 744 nec
415 716 483 755 ne,
514 711 557 744 et
589 704 691 760 quid
722 704 813 758 ejus
842 704 1038 744 nativitas
1065 712 1109 744 et
1136 703 1326 745 conditio
1345 702 1514 743 humilis

42 779 85 818 in
115 780 193 819 hac
222 780 307 820 vita
345 778 426 818 sibi
454 778 588 819 velit?
633 781 832 819 Testatur
859 779 943 818 hoc
972 778 1159 819 narratio
1194 777 1247 818 de
1276 776 1512 817 tentatione

42 850 227 902 Christi,
262 859 310 891 ut
338 850 521 892 traditur
548 850 696 892 Matth.
726 852 801 893 IV.
837 866 851 890 1
886 872 940 882 ·—
974 866 1035 891 ιι.
1063 852 1192 892 Marc.
1214 850 1246 890 I.
1283 863 1329 890 12
1361 875 1416 881 ——
1451 851 1511 891 ¹3.

39 925 145 965 Luc.
175 925 248 968 IV.
282 940 298 965 ι
331 947 387 956 --
418 930 478 972 ¹4-
533 925 799 980 Aggreditur
831 926 974 964 Jesum
1007 918 1033 966 o‘
1060 919 1286 981 πειράζων
1314 933 1509 980 tanquam

39 1013 267 1053 personam
302 999 469 1040 dubiam
500 1008 627 1055 atque
659 1008 931 1053 suspectam3
960 999 1050 1039 vult
1082 998 1331 1051 explorare,
1366 1006 1509 1038 utrum

40 1073 164 1114 Jesus
202 1073 258 1113 sit
300 1071 326 1115 0⁸
369 1066 591 1131 Χριστός,
637 1071 746 1112 filius
791 1073 900 1124 Dei,
940 1071 1106 1127 qualem
1135 1083 1181 1110 se
1210 1068 1511 1125 praedicabat,

39 1147 245 1202 varioque
283 1148 410 1188 modo
455 1161 552 1187 eum
587 1154 743 1196 tentat,
783 1145 990 1185 dicendo:
1040 1145 1080 1186 εἰ
1107 1142 1206 1191 υἱός
1244 1143 1286 1185 εἷ
1312 1144 1366 1185 τὲ
1404 1141 1508 1185 Θεέ.

37 1221 251 1274 Supponit
282 1220 478 1275 quidem,
514 1220 589 1260 sed
618 1234 703 1259 non
746 1234 828 1274 pro
861 1228 982 1259 certo
1012 1219 1116 1270 scit,
1144 1228 1322 1258 rectene
1351 1232 1508 1272 suppo-

38 1302 134 1344 nat,
162 1295 232 1334 vel
259 1294 377 1334 non?
433 1295 494 1334 lta
525 1294 638 1334 inter
677 1301 849 1334 veteres
893 1293 1067 1347 plurimi
1106 1292 1328 1332 historiam
1372 1299 1506 1332 tenta·

33 1368 161 1409 tionis
199 1368 443 1422 'explicant,
484 1376 530 1407 ut
570 1368 702 1422 Hugo
748 1368 934 1408 Grotius
969 1367 1021 1411 ad
1060 1367 1207 1407 Matth.
1253 1367 1325 1408 IV.
1355 1366 1395 1407 3.
1437 1363 1507 1404 ad-

38 1443 212 1483 notavit.
236 1450 239 1463 '
510 1486 515 1494 ι

140 1517 292 1556 Patres
330 1518 395 1570 (ut
431 1517 546 1556 inter
587 1516 743 1556 multos
789 1529 842 1555 ex
885 1515 1148 1570 Athenagor.
1180 1515 1330 1569 Legat.
1360 1529 1404 1569 p.
1436 1526 1499 1569 27.

33 1596 78 1628 et
116 1588 325 1643 Epiphan.
367 1589 534 1629 haeres.
573 1589 744 1631 XLVII.
787 1589 924 1642 patet)
967 1600 1140 1641 semper
1185 1588 1416 1628 Gnosticos
1459 1595 1503 1626 et

30 1663 296 1703 Manichaeos
337 1662 527 1719 graviter
566 1661 885 1717 vituperarunt‚
923 1660 1039 1716 quod
1085 1672 1170 1699 non
1212 1658 1427 1699 Christum
1457 1666 1501 1698 et

29 1735 187 1786 Belial,
224 1742 273 1774 ut
318 1734 563 1776 oeconomia
612 1733 838 1773 christiana
891 1734 1104 1787 postulat,
1158 1732 1234 1773 sed
1270 1734 1413 1774 Deum
1457 1739 1500 1772 et

30 1806 286 1858 Diabolum,
325 1816 373 1847 ut
412 1807 618 1847 Dualismi
659 1807 831 1861 patroni
875 1808 1136 1859 statuebant,
1179 1817 1377 1863 tanquam
1420 1806 1500 1848 sibi

31 1881 228 1933 opposita
255 1881 588 1921 considerarent.
644 1879 873 1921 Diabolum
902 1894 988 1922 non
1028 1882 1198 1934 Deum,
1236 1891 1309 1923 aut
1350 1883 1500 1924 Domi-

30 1966 156 2003 num,
196 1954 272 1993 sed
298 1954 507 2009 Angelum
537 1954 690 1994 malum
717 1955 901 2010 malique
932 1956 1174 1997 ministrum
1204 1970 1297 1997 esse
1327 1958 1497 1998 docent.

31 2025 244 2079 superant
287 2027 456 2082 quidem
495 2027 701 2068 Diabolus
731 2028 910 2083 ejusque
941 2030 1096 2083 Angeli
1123 2030 1318 2071 homines
1347 2040 1391 2071 et
1420 2030 1499 2070 sci-

30 2100 142 2141 entia
182 2108 227 2139 et
260 2108 497 2154 potestate,
539 2102 666 2155 longe
703 2111 845 2142 temen
886 2102 1120 2142 inferiores
1168 2104 1267 2143 Deo
1319 2103 1497 2158 ejusque

28 2170 185 2211 subditi
215 2180 258 2212 et
286 2174 424 2224 servi3
453 2187 532 2215 nec
566 2175 781 2225 omniscii,
812 2187 892 2215 nec
924 2174 1262 2229 omnipotentes,
1301 2175 1359 2215 nil
1401 2188 1498 2229 pos-

29 2254 126 2285 sunt
172 2245 282 2284 scire
325 2254 453 2301 atque
497 2248 698 2299 efficere,
737 2248 818 2288 nisi
861 2251 975 2308 quod
1004 2249 1108 2303 ipsis
1138 2264 1160 2289 a
1190 2251 1288 2290 Deo
1318 2248 1496 2303 permit-

29 2317 148 2358 titur.
204 2319 335 2359 Multa
364 2319 488 2374 hujus
516 2322 581 2360 rei
610 2323 785 2363 Patrum
823 2322 1024 2362 habemus
1062 2322 1317 2364 testimonia.
1376 2326 1496 2367 Inter

27 2390 157 2429 multa
185 2405 289 2444 prae
319 2394 473 2433 ceteris
502 2395 732 2437 laudamus:
764 2398 948 2436 Hermae
977 2397 1145 2436 Pastor·
1182 2397 1362 2437 mandat.
1402 2399 1494 2438 ΥΠ.

26 2464 156 2505 XVII.
187 2465 226 2518 ὖ.
255 2468 294 2507 5.
324 2469 434 2508 Iren.
477 2469 570 2510 adv.
612 2469 776 2510 haeres.
815 2470 889 2510 lib.
929 2470 1003 2510 lib.
1033 2471 1086 2512 V.
1121 2483 1158 2510 c.
1190 2469 1254 2510 26.
1288 2470 1411 2524 Orig.
1443 2470 1495 2509 do

24 2536 209 2590 princip.
251 2538 322 2578 lib.
362 2542 431 2580 111.
475 2554 511 2582 c.
542 2554 581 2585 9..
612 2543 683 2582 lib.
717 2545 749 2583 Ι.
780 2557 974 2598 prooem.
1007 2543 1045 2597 §0
1073 2545 1113 2586 5.
1146 2544 1326 2584 Tertull.
1368 2546 1493 2597 Apol.

27 2622 64 2649 c.
94 2623 142 2652 22
174 2625 292 2668 seqq.
312 2612 494 2667 Cyprian
507 2615 560 2654 de
580 2615 674 2656 zelo
697 2625 742 2656 et
772 2617 842 2657 liv.
872 2630 996 2658 serm.
1017 2618 1069 2658 11.
1097 2616 1147 2657 de
1160 2616 1260 2658 idol.
1283 2630 1375 2656 van.
1397 2631 1437 2671 p.
1459 2620 1495 2655 Γ.
