1867 3053
897 161 1163 203 ...90-

306 281 632 331 „Ensebius
668 281 757 321 Em
773 294 1001 328 esenuS,
1039 279 1276 334 Episcopus
1321 277 1516 326 [omissus
1554 276 1623 320 hic
1650 276 1750 318 titu-

305 352 371 392 lus
399 352 443 391 in
471 353 699 406 Sophronii
735 352 932 393 versione
976 357 1165 407 graeca]‚
1213 352 1420 405 elegantis
1464 361 1501 391 et
1540 352 1753 390 rhetorici

307 426 488 478 ingenii,
507 426 857 472 innumerabiles,
880 434 916 464 et
944 425 1019 478 qni
1037 424 1100 463 ad
1120 425 1319 478 plausum
1343 424 1496 478 populi
1519 425 1750 478 pertinent,

305 499 494 549 confecit
523 498 682 544 libros,
722 498 942 550 magisque
981 497 1211 535 historiam
1243 505 1431 545 secutus,
1463 495 1517 534 ab
1551 497 1644 545 his,
1675 497 1753 550 qui

305 571 552 609 declamare
575 569 744 618 volunt,
764 569 1076 608 studiosissime
1105 569 1285 622 legitur.-
1314 582 1333 606 e
1349 567 1502 622 quibus
1522 568 1593 606 vel
1617 582 1750 622 prae-

304 643 420 696 cipui
464 651 562 681 sunt
618 641 850 680 adversum
877 641 1072 680 Judaeos
1114 650 1150 680 et
1181 641 1359 688 Gentes,
1392 649 1428 679 et
1455 641 1752 689 Novatianos,

304 724 343 755 et
369 715 433 754 ad
461 715 647 754 Galatas
676 714 780 753 libri
810 713 976 762 decem,
1009 723 1046 753 et
1075 715 1120 752 in
1138 713 1379 765 Evangelia
1401 712 1625 751 Homiliae
1655 713 1750 751 bre-

302 801 399 838 veS,
429 788 504 826 sed
527 788 752 842 plurimae.
819 787 997 826 Floruit
1035 786 1293 838 temporibus
1323 785 1569 824 Constantii
1605 785 1750 838 Impe-

302 861 483 908 ratoris,
515 860 588 898 sub
619 874 701 914 quo
731 868 767 899 et
798 868 1006 907 mortuus,
1035 859 1295 898 Antiochiae
1324 858 1508 910 sepultus
1541 860 1650 895 est‚“

407 931 712 970 Praetermisso
741 943 849 969 nunc
877 930 1032 983 judicio
1062 929 1308 981 Hieronymi
1337 929 1388 967 de
1417 927 1558 966 indole
1588 940 1635 967 ae
1663 926 1751 967 vir-

299 1011 392 1044 tute
420 1003 633 1042 rhetorica
662 1002 866 1052 Eusebii,
896 1001 948 1040 de
978 1015 1060 1055 quo
1103 1001 1227 1054 paulo
1274 1008 1372 1054 post
1400 1000 1482 1040 erit
1511 997 1749 1050 dicendum,

299 1076 351 1115 ad
376 1074 486 1115 hunc
514 1075 653 1114 locum
679 1074 781 1113 haec
808 1073 1007 1113 habemus
1035 1072 1264 1113 monenda:

404 1148 435 1185 I.
491 1146 656 1188 Verba:
698 1148 1028 1186 innumerabiles
1058 1146 1238 1195 confecit
1268 1145 1425 1193 libros,
1466 1143 1576 1198 apud
1614 1143 1746 1197 scrip-

296 1226 460 1267 torem,
489 1217 619 1272 qualis
648 1229 712 1259 est
742 1220 1022 1270 Hieronymus
1055 1231 1076 1255 a
1106 1211 1336 1272 ’ὑπερβολῇ
1364 1217 1532 1255 minime
1572 1216 1746 1266 alienus,

296 1304 382 1329 non
410 1290 514 1330 adeo
542 1291 729 1343 urgenda
758 1304 849 1330 esse
878 1290 1089 1330 videntur.
1145 1290 1247 1327 Nam
1277 1289 1311 1326 si
1343 1289 1576 1327 Emesenus
1604 1287 1744 1340 ipsum

298 1361 532 1415 Origenem
573 1355 672 1414 (τόν
711 1355 1091 1416 Ἀδᾱμάντινον),
1131 1360 1499 1412 chrysostomum,
1546 1359 1748 1414 Augusti-

296 1447 394 1471 num
411 1463 425 1482 ,
455 1433 522 1473 vel
558 1434 692 1486 ipsum
722 1443 911 1473 nostrum
949 1436 1250 1485 Hieronymum
1288 1433 1474 1488 aliosque
1515 1432 1628 1473 viros
1658 1447 1746 1473 πο-

295 1498 518 1560 λυγράφες
548 1518 721 1543 numero
752 1505 960 1545 librorum
991 1513 1256 1559 superasset,
1285 1518 1370 1543 non
1417 1503 1743 1543 innumerabiles

293 1585 433 1617 tamen
460 1575 640 1615 fuissent
667 1577 776 1616 libri.
832 1578 1007 1617 Etiamsi
1035 1586 1284 1626 statuamus,
1314 1576 1492 1630 singulas
1521 1576 1741 1626 Homilias,

292 1661 567 1702 paraeneses,
597 1657 795 1690 tractatus
837 1649 1075 1703 exegeticos
1105 1658 1211 1699 etc.,
1259 1663 1377 1688 more
1406 1657 1622 1698 veterum,
1650 1656 1740 1688 tan·

292 1734 414 1775 quam
443 1720 574 1759 libros
604 1728 647 1758 et
676 1732 807 1773 opera
835 1721 1049 1759 recenseri
1079 1723 1144 1774 (ut
1171 1720 1217 1760 fit
1244 1721 1286 1759 in
1310 1720 1541 1775 Origene),
1564 1729 1608 1760 et
1635 1721 1741 1760 haec

292 1798 432 1830 tamen
464 1791 666 1845 opuscula
696 1799 813 1830 certe
842 1791 918 1830 sub
947 1805 1165 1831 numerum
1193 1793 1388 1832 revocari
1417 1802 1626 1846 poterant.
1669 1795 1739 1833 De

292 1862 589 1915 Chrysostomo
619 1863 742 1902 simili
770 1864 902 1903 utitur
928 1862 1157 1921 ’ὕπερβολῇ
1186 1865 1330 1904 Suidas
1362 1864 1561 1904 dicendo:
1608 1866 1736 1919 „Ejus

291 1936 548 1987 scriptorum
577 1948 797 1974 numerum
845 1950 1070 1976 recensere
1115 1951 1198 1976 non
1226 1937 1403 1976 hominis
1433 1945 1519 1986 cst,
1547 1938 1622 1976 sed
1651 1938 1735 1976 Dei

290 2008 431 2059 potius
462 2008 598 2046 omnia
627 2007 972 2061 cognoscentis!“
1029 2009 1218 2048 Sufficiat
1246 2009 1397 2062 igitur,
1434 2009 1737 2060 Hieronymum

290 2077 433 2116 dicere
464 2078 669 2129 voluisse,
699 2079 929 2119 Eusebium
957 2089 1145 2120 nostrum
1185 2089 1402 2120 auctorem
1444 2094 1535 2119 esse
1578 2082 1733 2120 multo-

290 2164 386 2189 rum
420 2151 649 2199 librorum,
679 2160 725 2190 ut
771 2152 863 2204 ipse
906 2152 985 2190 alio
1016 2152 1110 2191 loco
1143 2152 1358 2204 (Chronic.
1401 2153 1463 2191 ad.
1494 2167 1517 2191 a
1545 2153 1595 2191 X.
1626 2153 1734 2192 Con-

289 2222 449 2273 stantii)
499 2223 691 2275 scripsit:
745 2223 952 2263 Eusebius
999 2225 1228 2264 Emesenus
1268 2249 1320 2257 ——
1356 2249 1410 2255 —
1439 2249 1492 2256 -—-
1531 2226 1668 2264 multa
1699 2235 1736 2265 et

288 2295 424 2332 varia
454 2297 693 2335 conscribit.

395 2367 445 2405 ΙΙ.
503 2368 783 2419 Hieronymus
826 2383 910 2409 non
959 2383 1128 2419 omnes,
1181 2371 1252 2424 qui
1300 2369 1549 2422 superstites
1601 2378 1732 2421 erant,

288 2447 508 2488 recenset,
547 2439 620 2478 scd
659 2448 816 2480 tantum
847 2455 943 2491 eos,
983 2443 1052 2497 qui
1095 2456 1144 2481 ex
1175 2456 1248 2481 suo
1279 2441 1434 2494 judicio
1466 2450 1584 2481 erant
1612 2457 1731 2495 prae-

289 2509 399 2560 cipui
432 2511 519 2560 vel,
549 2511 583 2550 si
614 2511 702 2565 ipse
734 2526 816 2551 non
844 2515 1070 2568 probaret,
1101 2516 1313 2554 maximam
1341 2512 1488 2554 famam
1518 2516 1730 2554 consecuti

289 2589 421 2618 eram.
