1913 3073
658 174 933 218 ...73-

182 295 252 334 ΙΙΙ.
308 294 396 335 Sed
424 296 625 338 Emeseni
653 310 810 340 novum
841 297 1104 353 Episcopum
1133 299 1358 340 admittere
1387 300 1537 342 nolue-

71 376 183 408 runt.
239 367 461 422 Ejusmodi
504 369 822 411 detrectationis
873 371 945 411 illo
985 380 1203 427 tempore,
1263 374 1454 428 inprimis
1491 377 1536 416 in

73 443 366 483 controversia
396 444 626 485 Novatiana
655 452 698 484 et
726 445 980 496 Donastica,
1009 459 1090 486 nec
1132 461 1217 486 non
1248 447 1339 502 ipsa
1368 448 1536 500 Ariana,

70 516 194 570 plura
223 524 386 556 exstant
415 517 631 570 exempla,
675 517 858 573 indeque
906 516 1006 571 fuga
1048 518 1116 558 illa
1149 519 1376 560 sacerdotii
1407 532 1534 576 atque

70 587 369 641 episcopatus,
413 589 467 629 de
511 605 591 645 qua
634 591 836 643 diximus,
878 593 1082 646 explicari
1123 602 1282 646 potest.
1338 596 1536 636 Attamen

67 661 112 701 in
160 675 259 702 casu
301 671 450 703 nostro
502 676 623 703 causa
662 663 781 704 adest
819 664 1051 718 singularis.
1109 666 1294 705 Brevius
1336 668 1537 707 Socrates

69 735 135 788 (p.
165 733 281 789 543.)
315 737 516 789 exponit:
556 739 846 794 IIs,‹t9001Jvccc
879 737 924 780 δὲ
955 740 1016 786 εἰς
1047 733 1131 794 τήν
1160 739 1419 795 Ἐιιισηνιῦν
1446 734 1536 783 πό-

67 807 155 850 λιν·
190 804 596 854 διαστασιασάντων
628 811 675 855 δὲ
702 815 791 856 τῶν
820 813 1081 869 Ἐμισηνιῦν
1110 813 1183 856 ἐπὶ
1207 818 1263 873 τῇ
1284 819 1536 872 χειροτονία

68 882 202 936 affice,
232 885 286 927 ἐλ
305 884 602 942 οιδορεῖτο
632 902 761 943 γαρ,
792 881 863 934 οἷς
894 886 1332 943 μαθηματικήν
1362 883 1535 930 ‹iona-

65 973 272 1014 μενος,
302 961 423 1018 φυγῇ
448 960 630 1017 χρῆται,
660 960 734 1003 καὶ
763 957 945 1003 ἄπεισιν
976 962 1038 1007 εἰς
1075 959 1378 1016 Λαοδίκειαν,
1419 956 1534 1018 πρός

64 1027 147 1076 τόν
176 1034 279 1091 περὶ
310 1034 418 1077 αὕτα
447 1029 592 1077 πολλά
623 1029 807 1077 εἰπόντα
846 1030 1082 1092 Γειόργιον.
1141 1035 1366 1075 Consentit
1398 1034 1533 1075 Sozo-

65 1115 215 1148 menus
269 1109 331 1162 (p.
375 1109 517 1162 270.),
563 1109 643 1147 nisi
703 1108 818 1162 quod
867 1109 999 1163 magis
1046 1109 1097 1148 ad
1159 1121 1252 1147 rem
1303 1110 1530 1150 observet:

67 1172 308 1224 Ἐνταῦθα
351 1183 398 1236 (i.
430 1197 466 1222 e.
500 1183 613 1236 apud
641 1184 894 1236 Emesenos)
935 1177 1090 1224 στάσιν
1119 1175 1385 1236 ὗπομείνας,
1420 1181 1536 1225 διε-

66 1250 312 1311 βάλλετο
342 1250 446 1313 γάρ
476 1251 788 1298 α’σκεῐσθαι
818 1256 922 1310 τῆς
951 1250 1345 1312 ἀστρονομίας
1376 1257 1402 1300 ὅ
1440 1255 1534 1313 μέ-

67 1347 162 1389 ρος
211 1325 759 1386 α’ποτελεσμιατικόν
806 1330 1037 1380 καλέοι,
1092 1326 1235 1385 φυγάς
1276 1323 1422 1383 ἦλθεν
1471 1332 1533 1377 εἰς

66 1403 338 1451 Λαοδίκειαν
365 1398 476 1458 πρός
521 1399 732 1461 Γειόργον
769 1400 849 1447 τόν
888 1399 1056 1447 ἐνθάδε
1098 1402 1338 1446 ἐπίσκοπον
1378 1401 1535 1462 ἐπιτή-

66 1477 189 1522 δειον
220 1475 344 1521 ὄντα.
401 1480 519 1518 Haec
547 1479 673 1532 paulo
705 1480 889 1518 curatius
919 1478 1235 1518 consideranda.

172 1553 426 1594 Notissimus
457 1561 521 1591 est
549 1566 634 1591 non
664 1552 800 1591 solum
830 1553 941 1606 apud
985 1560 1180 1592 auctores
1221 1554 1426 1607 profanos
1457 1558 1534 1598 sed

67 1630 193 1671 etiam
221 1636 365 1684 patres
396 1626 703 1666 ecclesiasticos
736 1626 940 1680 loquendi
971 1641 1084 1677 usuS,
1115 1641 1198 1680 quo
1227 1623 1533 1685 μαθηματική

67 1707 120 1758 (s,
151 1696 371 1761 {mmffssmy
401 1715 432 1741 s,
463 1700 641 1756 γνῶσις)
674 1712 800 1739 sensu
829 1699 1075 1753 specialiori
1108 1714 1190 1753 pro
1221 1702 1534 1752 Astronomz'a,

65 1792 146 1818 nec
175 1791 273 1817 raro
302 1791 383 1830 pro
422 1775 703 1827 Astrologia,
742 1773 934 1813 sumitur.
1003 1775 1128 1813 Hunc
1170 1788 1288 1814 usum
1328 1776 1534 1830 loquendi

67 1852 192 1892 etiam
230 1850 342 1904 apud
380 1848 530 1888 latinos
570 1856 766 1888 auctores
807 1846 1064 1898 obtinuisse,
1112 1849 1234 1888 testis
1276 1858 1340 1889 est
1378 1850 1532 1892 Cicero

68 1924 238 1964 Tuscul.
281 1931 440 1979 quaest.
475 1922 546 1962 lib.
588 1924 620 1962 I.
661 1936 695 1962 c.
732 1937 793 1976 17·
834 1923 886 1962 de
917 1921 1086 1962 divinat.
1126 1923 1200 1964 lib.
1240 1923 1292 1964 ΙΙ.
1334 1937 1370 1963 c.
1411 1937 1450 1963 2.
1477 1922 1531 1963 de

70 2007 175 2039 orat.
206 1998 279 2037 lib.
312 1998 345 2035 Ι.
376 2010 413 2038 c.
444 1996 481 2036 3.
524 1997 562 2035 Ε
592 1995 782 2051 patribus
826 1995 1124 2036 ecclesiasticis
1163 1996 1376 2037 laudamus
1412 1998 1532 2038 testi-

70 2071 257 2111 monium
298 2072 563 2110 Tertulliani
605 2070 658 2109 de
696 2070 908 2111 idololatr.
958 2084 994 2110 e.
1042 2084 1079 2125 9.
1123 2083 1220 2109 cum
1261 2073 1439 2124 propius
1479 2070 1533 2110 ad

67 2159 160 2186 rem
190 2143 326 2184 faciat.
395 2145 512 2185 Dicit
553 2153 691 2184 autem
720 2159 762 2198 p.
810 2146 898 2185 108.
939 2144 1062 2197 (edit.
1105 2145 1308 2199 Rigalt.):
1347 2144 1532 2199 „Expel-

66 2220 212 2259 luntur
251 2219 576 2268 Mathematici,
618 2218 726 2257 sicut
765 2217 920 2271 Angeli
960 2230 1122 2257 eorum.
1189 2217 1299 2257 Urbs
1343 2227 1387 2257 et
1416 2217 1533 2256 Italia

66 2292 338 2332 interdicitur
389 2292 735 2340 Mathematicis,
783 2292 891 2331 sicut
936 2291 1104 2331 coelum
1153 2291 1328 2344 Angelis
1367 2304 1531 2330 eorum.

66 2366 227 2405 Eadem
265 2379 404 2419 poena
445 2374 509 2405 est
546 2365 659 2404 exilii
703 2365 919 2419 discipulis
949 2373 994 2404 et
1022 2365 1247 2419 magistris.
1305 2364 1393 2403 Sed
1421 2364 1533 2417 Magi

68 2447 113 2478 et
162 2439 384 2492 Astrologi
431 2438 482 2478 ab
534 2437 714 2479 Oriente
766 2449 989 2479 venerunt.
1056 2439 1221 2479 Scimus
1275 2439 1436 2493 Magiae
1488 2446 1534 2477 et

71 2512 338 2566 Astrologiae
381 2513 494 2552 inter
532 2527 578 2553 se
620 2513 879 2553 societatem.
954 2513 1090 2553 Primi
1134 2513 1266 2567 igitur
1315 2512 1532 2552 stellarum

70 2584 325 2639 interpretes
356 2596 498 2627 natum
527 2587 740 2627 Christum
770 2587 1144 2637 annuntiaverunt3
1183 2586 1312 2640 primi
1339 2597 1534 2624 munera-

76 2668 241 2701 verunt.
298 2662 394 2702 Hoc
424 2661 595 2702 nomine
626 2660 867 2715 Christum,
897 2661 1079 2716 opinor,
1108 2661 1189 2701 sibi
1219 2660 1531 2715 obligaverunt.
