1913 3073
663 158 715 164 ——
775 136 956 179 103—

80 266 124 299 et
153 256 378 298 artificiosa
409 255 626 304 oratione,
654 256 888 297 verborum
927 256 1158 310 elegantia,
1201 259 1435 314 plausuque
1463 273 1541 314 po-

81 332 218 389 pulari
249 327 549 381 imperitorum
578 343 702 368 aures
737 329 941 384 decipere
974 338 1017 370 et
1035 331 1209 384 palpare
1225 333 1434 373 studeant.
1475 333 1541 371 In-

82 411 227 458 crepat
256 401 376 452 illos,
408 415 590 456 quorum
631 415 753 442 aures
783 401 1025 443 fastidiosae
1055 412 1180 454 sunt,
1211 413 1255 444 et
1294 405 1347 444 ad
1390 405 1543 447 intelli-

80 477 234 533 gendas
263 477 497 531 scripturas
526 483 750 527 nauseant,
794 476 1029 531 plausuque
1067 484 1228 516 tantum
1272 476 1541 531 eloquentiae

79 551 358 591 delectantur.
415 548 534 589 Dicit
567 548 773 603 denique:
816 549 953 599 „Cum
983 550 1087 589 haec
1118 550 1398 605 intelligentia
1427 551 1545 605 plau·

79 637 171 662 sum
201 622 433 681 quendam,
466 629 509 661 et
539 622 731 661 colorem
761 621 981 661 doctrinae
1011 620 1252 675 praeferat,
1293 623 1458 674 nescio,
1491 637 1543 664 an

79 696 233 736 habeat
282 685 552 736 ve'ritatemf‘
620 696 750 739 Hisce
801 696 1054 737 testimoniis
1104 695 1216 735 aliud
1265 695 1448 750 adjungo
1491 709 1545 736 ex

78 770 256 811 Hieron.
289 769 411 823 epist.
442 770 492 808 ΙΙ.
525 769 578 808 ad
605 771 762 823 Nepot.
792 769 866 808 ubi
892 769 998 809 haec
1029 777 1283 810 occurrunt:
1311 771 1544 821 „Docente

77 852 122 884 te
153 844 193 883 in
228 844 432 894 ecclesia,
462 857 545 884 non
576 843 734 883 clamor
763 844 939 897 populi,
971 843 1047 882 sed
1081 842 1262 896 gemitus
1304 844 1547 887 suscitetur.

80 920 301 960 Lacrimae
345 917 587 959 auditorum
626 915 770 955 laudes
814 925 909 956 tuae
953 917 1047 955 sint.
1106 916 1258 973 Sermo
1299 916 1544 970 presbyteri

78 994 388 1047 scripturarum
416 989 602 1031 lectione
633 989 838 1030 conditus
868 990 934 1031 sit.
992 989 1103 1028 Nolo
1142 997 1182 1029 te
1215 990 1545 1030 declamatorem

79 1077 172 1117 esse
222 1073 265 1104 et
306 1062 496 1103 rabulam
540 1063 842 1119 garrulumque
878 1064 967 1102 sine
997 1064 1188 1113 ratione,
1219 1065 1294 1104 sed
1322 1065 1545 1117 mysterio-

79 1152 174 1179 rum
213 1136 412 1191 [peritum
455 1144 499 1175 et
539 1144 901 1175 sacramentorum
947 1136 1031 1175 Dei
1079 1135 1140 1176 tui
1194 1136 1541 1178 eruditissimum.

78 1211 223 1256 Verba
256 1211 434 1251 volvere
467 1218 510 1253 et
542 1209 761 1251 eeleritate
791 1209 958 1249 dicendi
988 1210 1099 1264 apud
1122 1208 1369 1264 imperitum
1393 1211 1545 1264 vulgus

79 1285 400 1326 admirationem
430 1285 494 1324 sui
523 1282 692 1332 facere,
723 1283 994 1323 indoctorum
1026 1284 1241 1324 hominum
1271 1294 1348 1326 est.
1386 1285 1546 1324 Attrita

78 1357 197 1398 frons
228 1358 538 1410 interpretatur
567 1369 693 1409 saepe
724 1355 840 1410 quod
868 1356 1027 1407 nescit,
1060 1365 1102 1396 et
1136 1371 1231 1397 cum
1266 1357 1354 1397 aliis
1373 1371 1548 1412 persua*

79 1435 207 1481 serit,
249 1432 330 1471 sibi
361 1444 532 1486 quoque
562 1438 739 1483 usurpat
768 1429 983 1470 scientiam
990 1452 1289 1471 .....
1322 1430 1435 1468 Nihil
1462 1438 1546 1470 tam

79 1505 223 1555 facile,
264 1518 386 1560 quam
440 1504 565 1542 vilem
619 1503 885 1556 plebeculam
939 1512 982 1543 et
1037 1503 1250 1544 indoctam
1292 1504 1543 1544 concionem

80 1580 246 1634 linguae
276 1577 544 1618 volubilitate
578 1577 810 1631 decipere,
844 1591 938 1619 oum
970 1578 1174 1632 quidquid
1203 1592 1289 1620 non
1323 1578 1544 1633 intelligit,

79 1655 175 1709 plus
205 1654 425 1693 miratur-‘⁶

186 1728 315 1766 Plura
347 1741 399 1766 ex
425 1725 508 1766 hoo
539 1734 714 1766 auctore
747 1726 890 1779 colligi
926 1736 1100 1779 possent
1141 1725 1405 1778 testimonia,
1437 1738 1544 1781 quae

80 1802 275 1858 probant,
297 1809 560 1856 quantopere
592 1807 808 1839 aversatus
839 1800 892 1839 sit
921 1808 1033 1839 artes
1063 1801 1319 1851 rhetoricas,
1351 1808 1544 1841 ornatum

80 1877 298 1930 poeticum
329 1884 372 1915 et
400 1876 514 1915 lusus
547 1874 799 1914 dramaticos
829 1874 870 1912 in
903 1874 977 1923 iis,
1015 1888 1196 1928 quorum
1241 1872 1426 1913 officium
1467 1882 1547 1924 est,

82 1950 305 1990 veritatem
337 1956 380 1987 et
408 1948 719 2002 simplicitatem
759 1947 980 2002 religionis
1019 1947 1269 1988 christianae
1306 1956 1457 1987 tenere
1501 1952 1546 1985 et

81 2023 242 2076 populo
289 2021 516 2061 christiano
558 2021 745 2062 tradere.
813 2021 859 2059 In
892 2021 1070 2061 doctore
1119 2020 1377 2072 christiano,
1428 2021 1544 2074 juxta

80 2093 331 2147 Hieronymi
365 2094 639 2144 sententiam,
669 2109 755 2135 non
786 2094 999 2147 ingenium
1030 2103 1073 2134 et
1090 2094 1321 2148 elegantia,
1351 2108 1436 2134 non
1469 2106 1538 2133 ars

82 2166 340 2206 declamandi
370 2173 413 2204 et
442 2165 638 2206 facundia
670 2166 864 2217 dicendi,
909 2167 1138 2222 praecipua
1179 2176 1242 2208 est
1269 2168 1430 2216 virtus,
1460 2169 1546 2208 *sed

81 2241 264 2290 veritas,
295 2241 463 2294 pietatis
493 2240 678 2280 studium
711 2249 753 2280 et
783 2240 1046 2294 simplicitas.
1104 2242 1255 2295 Neque
1285 2241 1400 2281 solus
1439 2241 1545 2280 stri*-

83 2311 308 2364 (lonensis,
337 2313 438 2353 licet
476 2314 603 2367 paulo
645 2314 839 2354 severior
881 2327 924 2354 et
953 2314 1169 2355 morosior
1207 2313 1357 2354 harum
1398 2326 1545 2354 rerum

83 2387 326 2426 aestimator
357 2394 399 2426 et
429 2386 581 2440 judex,
622 2387 679 2426 ita
707 2387 889 2441 judicat3
936 2388 1010 2427 sed
1038 2387 1132 2426 illos
1172 2387 1286 2440 ipsos
1323 2394 1544 2440 praestan‘

82 2458 265 2498 tissimos
306 2459 500 2514 antiquae
542 2459 747 2500 ecclesiae
796 2468 989 2499 oratores
1032 2473 1198 2508 sacros,
1239 2459 1444 2499 Basiliam
1471 2459 1544 2509 M„

86 2532 343 2585 Gregorium
374 2534 683 2574 Nazianzenum
701 2564 713 2584 ‚
756 2536 964 2573 Joannem
997 2534 1344 2586 Chrysostomum
1362 2563 1374 2582 ,
1402 2533 1545 2586 Augu-

84 2603 261 2658 stinum‚
303 2607 545 2662 multosque
586 2607 690 2649 alios
732 2605 861 2647 habet
905 2606 1233 2647 consentientes,
1302 2607 1357 2646 Hi
1399 2618 1544 2647 omnes
