1773 3032
661 91 956 135 «ιι-161-

82 215 399 254 lamentationes
429 221 555 268 atque
596 211 776 267 ejulatus
816 219 1056 264 erumpunt.
1134 211 1248 252 Socii
1293 209 1531 265 fratresque

78 303 123 330 se
169 288 350 330 invicem
377 294 569 327 accusant
580 299 592 337 3
622 286 728 325 alter
758 285 935 324 alterum
969 284 1163 324 convitiis
1192 284 1452 338 proscindit,
1491 292 1534 324 et

79 364 121 401 in
150 375 202 401 eo
233 369 397 400 tantum
428 359 720 408 consentiunt,
762 372 806 398 se
848 358 1004 398 misere
1049 370 1141 397 esse
1184 357 1400 410 deceptos,
1456 358 1534 396 La-

79 441 287 472 mentatur
315 432 519 473 Diabolus
540 437 602 484 (p.
633 433 686 472 25
716 439 758 470 et
784 445 827 484 p.
858 432 965 483 28.):
995 423 1122 473 Ὀυαὶ
1151 444 1260 484 μοι,
1288 430 1347 484 τῷ
1376 422 1534 483 ἀθλίῳ,

80 504 149 546 ὅτι
188 504 478 563 ε’νεηαίχθην.
544 506 720 545 Fatetur
759 504 901 544 Hades
943 506 1015 557 (p.
1058 504 1177 555 27.):
1223 502 1316 545 Καὶ
1359 502 1466 560 ἐγώ,
1501 499 1535 545 ὦ

80 575 239 630 ἄθλιε,
267 574 624 635 ϋπελάμβανον,
653 577 720 620 ὅτι
748 572 828 619 τόν
857 571 1066 619 θάνατον
1094 570 1300 632 λύςιῃται.

186 727 240 772 V.
271 726 518 768 suffocatur
548 740 694 766 eorum
722 726 925 779 Dialogus
965 735 1008 767 et
1048 725 1199 765 iterato
1238 726 1354 780 jussu
1397 726 1536 778 Ange-

80 800 240 840 lorum:
296 796 430 857 ἄρατε
476 794 619 846 πύλας
659 808 738 839 etc.
782 808 824 838 et
866 798 1122 838 exultatione
1162 806 1286 852 atque
1338 797 1534 837 ovatione

82 875 413 929 Prophetarum,
455 888 535 929 qua
580 874 809 913 adstantem
837 873 919 927 jam
948 872 1158 913 victorem
1188 879 1230 910 et
1259 871 1535 911 liberatorem

82 947 310 1001 excipiunt.
376 948 440 987 Illi
479 940 800 1004 α’γαλλιώμενοι
843 944 915 988 καὶ
955 943 1179 999 ’ῠμνὲντες
1219 945 1366 985 eadem
1404 944 1535 985 verba

81 1020 334 1072 exclamant,
375 1021 526 1077 quibus
566 1021 665 1061 olim
709 1020 920 1060 Christiun
959 1019 1272 1074 Hierosolymas
1307 1019 1533 1059 intrantem

77 1093 259 1146 populus
288 1093 564 1145 salutaverat,
593 1102 702 1133 teste
743 1092 889 1134 Matth.
918 1093 1029 1132 XXI.
1059 1105 1097 1149 9.

182 1239 255 1283 VI.
286 1241 331 1278 In
359 1239 441 1280 fine
473 1240 675 1281 orationis
705 1241 767 1294 (p.
798 1241 881 1293 28.)
911 1239 1078 1280 additur
1106 1239 1338 1294 descriptio
1372 1254 1536 1288 eorum,

80 1327 186 1368 quae
229 1314 417 1354 Christus
453 1314 496 1354 in
538 1314 708 1354 inFerno
748 1313 914 1354 fecerit.
980 1315 1067 1352 Res
1107 1321 1204 1353 sunt
1239 1315 1407 1353 maximi
1445 1327 1535 1353 mo-

78 1388 233 1435 menti3
267 1386 342 1426 sed
373 1387 478 1426 mira
509 1396 571 1426 est
601 1386 791 1427 brevitas
824 1395 867 1426 et
907 1385 1139 1439 emphasis,
1180 1401 1261 1441 qua
1296 1395 1534 1443 narrantur.

75 1460 264 1498 Primum
301 1459 354 1498 de
392 1458 575 1498 Diabolo
611 1459 788 1499 sumitur
825 1458 1007 1499 vindicta
1043 1468 1086 1499 et
1115 1471 1275 1511 poena:
1310 1453 1425 1501 Τότε
1454 1457 1536 1498 λιι-

74 1524 170 1586 βιόν
199 1525 223 1572 0‘
256 1525 427 1587 Κύριος
469 1528 550 1572 τόν
590 1524 821 1586 Διάβολον
862 1529 1020 1585 ἔδησεν
1058 1524 1197 1573 αὐτόν
1237 1526 1418 1579 <vakrom
1460 1530 1536 1574 δε-

74 1607 176 1658 μοῖς
204 1627 258 1634 —-
287 1627 341 1635 —-
368 1626 422 1634 -·
450 1626 501 1634 —
531 1602 690 1646 κλαίων
718 1603 791 1646 καὶ
833 1599 1067 1655 στενάζων.
1131 1607 1170 1645 ls
1211 1619 1316 1646 vero
1361 1616 1537 1661 praeter

73 1680 295 1728 cruciatus,
307 1691 505 1717 summam
534 1679 692 1732 patitur
721 1679 1012 1733 ignominiam3
1042 1678 1089 1718 fit
1118 1679 1244 1730 enim,
1262 1679 1376 1734 quod
1389 1679 1530 1719 Hades

77 1752 346 1804 praedixerat
392 1755 465 1807 (p.
495 1752 614 1805 26.)=
665 1746 917 1809 κατάγελως
956 1754 1046 1795 τῶν
1078 1751 1280 1803 δικαίων,
1311 1755 1535 1810 ἔπίχαρμα

73 1822 164 1865 τῶν
192 1823 342 1881 ιῖγίων.
398 1826 640 1879 Prophetae
673 1828 733 1881 (p.
765 1828 851 1881 28.)
896 1820 1246 1883 προσερχό,ιιενοι
1282 1823 1535 1871 κατεπάτει)

74 1896 158 1954 τήν
186 1894 382 1955 κεφαλήν
410 1898 523 1942 αῠτὲ
550 1901 836 1958 ἐπιγελῶντες
866 1896 1018 1944 αὐτόν.

181 2048 349 2089 Deinde
377 2050 621 2104 Prophetae
652 2060 695 2091 et
726 2051 868 2092 Sancti
899 2065 950 2091 ex
981 2065 1155 2092 carcere
1187 2050 1448 2091 liberantur:
1478 2043 1535 2092 Ὁ

79 2117 127 2161 δὲ
154 2113 323 2175 Κύριος
350 2121 509 2176 λαβών
537 2117 710 2170 πάντας
738 2122 941 2179 ἐξέβαλεν
973 2126 1018 2166 ἐν.
1048 2126 1102 2167 τὲ
1130 2123 1211 2182 ζέὸ3
1253 2122 1407 2182 λέγων·
1447 2138 1534 2165 πο-

75 2186 263 2247 ρεύεσθε
292 2196 352 2242 εἰς
381 2190 462 2237 τόν
490 2190 776 2253 παράδεισον.
817 2198 991 2237 Laetum
1023 2207 1160 2238 autem
1191 2212 1342 2237 eorum
1371 2211 1534 2252 agmen,

75 2266 182 2307 duce
211 2268 372 2308 Davide
405 2268 605 2308 citharam
634 2270 849 2323 pulsante,
879 2271 1050 2324 prosilit
1091 2286 1143 2311 ex
1184 2272 1352 2310 inferno
1394 2268 1534 2325 sequi·

74 2348 229 2397 turque
264 2342 492 2382 Dominum
541 2352 711 2384 aeterna
750 2345 851 2398 ipsis
895 2346 1039 2401 gaudia
1079 2354 1308 2400 parantem.
1368 2345 1533 2385 Canunt

72 2414 240 2457 Victori
270 2416 471 2470 hymnos,
501 2426 544 2457 et
572 2427 804 2471 personant
832 2419 1017 2459 solemne
1049 2420 1152 2459 illud
1181 2419 1363 2473 Alleluja
1392 2424 1533 2468 estem«

74 2501 147 2535 ’τες
187 2482 361 2546 ὖπῆχεν
401 2483 452 2531 τό
494 2483 758 2544 (ἶλληλὲϊα),
800 2492 914 2546 quod
954 2501 1102 2534 auctor
1144 2493 1532 2548 Apocalypseos-c.

72 2559 183 2601 XIX.
218 2578 251 2603 1.
283 2563 322 2604 3.
354 2563 491 2609 4—8.
527 2563 743 2605 describit.

1178 2643 1233 2688 11
