1913 3073
658 184 710 192 -
765 162 811 205 m
872 181 925 195 ψ’

64 289 128 328 Ex
157 287 229 327 illo
261 294 456 339 tempore
485 283 692 324 Eusebius
723 292 868 324 noster
908 284 1059 322 iterum
1093 283 1262 338 quidem
1301 284 1411 325 inter
1446 300 1515 326 au·

63 370 204 401 ctores
233 357 481 421 superstites
511 357 721 396 numerari
752 355 889 410 cepit,
929 355 1194 396 nihilominus
1234 366 1372 398 tamen
1414 372 1517 398 non-

63 433 160 473 dum
188 432 230 472 in
257 420 382 473 vitam
413 438 635 470 revocatus
665 429 746 468 dici
774 435 956 482 poterat,
988 429 1146 484 quippe
1178 429 1249 484 qui
1278 430 1320 468 in
1349 430 1515 470 duobus

62 503 276 545 codicibus
307 502 603 556 manuscriptis
634 500 737 541 male
781 501 958 541 exaratis
1002 509 1045 541 01
1085 501 1317 541 scribarum
1353 504 1513 543 mendis

59 575 312 618 scatentibus
364 575 528 615 latitans
567 589 589 614 a
626 571 910 628 paucissimis,
949 574 1019 615 vel
1058 588 1082 613 a
1119 573 1313 626 nemine,
1363 574 1514 630 inspici

55 657 243 704 poterat.

163 732 258 771 Non
288 731 433 771 inutile
463 731 591 786 igitur
620 745 727 787 opus
757 730 992 785 suscepisse
1021 730 1124 771 mihi
1150 730 1262 773 visus
1292 747 1396 785 sum,
1419 748 1514 774 011111

55 817 92 843 a.
129 805 270 854 182o.‚
300 804 518 843 occasione
549 803 780 844 academica
813 804 914 843 mihi
949 800 1110 853 oblata,
1151 804 1326 844 Eusebii
1355 808 1516 846 oratio-

53 887 150 915 nem
179 875 222 914 in
250 888 413 933 sacrum
440 877 694 917 Parasceves
724 876 835 915 diem
864 889 887 914 e
917 875 1082 915 duobus
1112 875 1327 916 codicibus
1355 878 1513 920 Vindo-

52 946 310 987 bonensibus
340 947 382 986 111
408 947 627 1001 publicum
659 948 898 988 emitterem
925 946 983 996 ἢ,
1039 947 1344 1002 Apographum
1382 950 1512 990 bene-

52 1019 150 1061 vole
178 1019 280 1060 mihi
308 1030 614 1074 procuraverat
642 1019 960 1060 Celeberrimus
989 1028 1114 1074 atque
1146 1021 1351 1062 Generos.
1389 1024 1512 1063 leo-

54 1107 148 1135 mas
176 1093 226 1132 de
256 1093 470 1142 Chabert,
498 1094 564 1132 vir
594 1095 645 1132 110
686 1092 839 1132 litteris
880 1091 1170 1132 Orientalibus
1211 1095 1385 1149 egregie
1424 1108 1512 1134 me-

51 1165 158 1206 ritus
185 1166 373 1221 mihique
409 1166 550 1205 multis
589 1180 639 1205 cx
678 1166 791 1206 annis
837 1165 990 1205 amicus
1036 1165 1414 1217 conjunctissimus.
1468 1168 1509 1206 Is

51 1238 183 1292 igitur
211 1238 255 1278 id
281 1239 445 1294 negotii
485 1239 747 1279 demandavit
783 1237 968 1286 homini,
1016 1237 1088 1291 qui
1126 1238 1177 1277 ad
1215 1236 1296 1277 hoc
1334 1237 1509 1278 idoneus

51 1311 273 1351 videbatur
302 1320 347 1352 et
376 1313 667 1366 apographum
694 1325 779 1351 non
807 1310 943 1349 solum
971 1324 1129 1349 summa
1157 1323 1252 1350 cum
1289 1308 1371 1349 fide
1412 1323 1510 1351 con·

50 1383 233 1435 fectum,
274 1384 349 1424 sed
388 1384 512 1424 etiam
541 1399 563 1424 a
593 1384 699 1427 Viro
740 1381 981 1423 doctissimo
1021 1391 1145 1437 atque
1184 1375 1508 1440 ἑλληνικότατῳ

52 1457 113 1497 Cl.
145 1457 197 1497 de
221 1457 417 1512 Kopz'tar
452 1458 640 1496 revisum
684 1463 807 1510 atque
849 1455 1118 1509 recognitum
1147 1468 1238 1494 0550
1268 1453 1509 1497 affirmavit.

47 1530 126 1570 His
155 1530 310 1584 igitur,
350 1539 397 1570 ut
426 1544 503 1583 par
541 1537 654 1579 erat,
694 1527 819 1568 fidem
861 1528 1037 1575 addens,
1075 1527 1367 1581 apographum
1404 1528 1509 1570 illud

46 1616 128 1657 pro
158 1603 311 1642 vitioso
344 1602 534 1656 quidem,
564 1602 639 1641 sed
666 1608 806 1640 tamen
834 1614 913 1653 pro
946 1599 1016 1638 tali
1044 1599 1196 1651 habui,
1242 1600 1358 1654 quod
1385 1601 1508 1641 vitio-

48 1677 213 1715 sitatem
255 1688 370 1714 suam
398 1689 420 1713 a
450 1674 602 1713 codicis
640 1674 747 1713 male
793 1671 942 1726 scripti
981 1673 1148 1722 indole⁷
1194 1686 1280 1713 non
1318 1681 1457 1713 autem
1484 1687 1508 1713 a

49 1748 171 1801 culpa
199 1746 360 1786 scribae
393 1747 598 1786 traxisset.
672 1747 776 1785 Nam
806 1744 878 1799 qui
907 1745 995 1784 sine
1026 1745 1289 1798 inspectione
1324 1754 1368 1786 et
1395 1758 1508 1787 com-

46 1821 265 1874 paratione
296 1819 479 1868 codicis,
509 1819 617 1858 scire
646 1818 905 1872 potuissem,
933 1825 999 1857 tot
1025 1817 1144 1857 locos
1183 1817 1371 1871 integros
1411 1831 1504 1858 esse

49 1893 222 1932 omissos
264 1899 307 1930 et
346 1905 430 1931 non
469 1905 553 1931 11110
586 1891 762 1931 ’1101111110
806 1889 1055 1930 mutilatos?
1121 1890 1238 1930 Idem
1275 1891 1411 1931 visum
1439 1899 1505 1931 est

46 1965 138 2006 viro
169 1963 411 2004 doctissimo
453 1965 644 2013 R'czekio,
686 1963 873 2017 collegae
914 1971 1040 2018 atque
1080 1964 1214 2004 amico
1253 1963 1505 2018 conjunctis·

364 2109 473 2118 ———

115 2209 154 2254 *)
180 2209 329 2243 Titulus
363 2209 486 2244 libelli
529 2214 604 2244 cst:
648 2210 858 2243 Seminariz·
899 2209 1125 2255 Theologici
1162 2211 1203 2243 in
1245 2211 1504 2244 Universizate

179 2273 364 2306 Rhenana
393 2275 437 2307 ab
470 2275 611 2307 Ordine
639 2275 922 2320 Tlteologot·ccm
947 2275 1275 2319 Evangelicorum
1293 2276 1505 2309 instaurati

182 2337 363 2378 utnulla,
390 2340 503 2374 simul
528 2349 561 2372 (ἰ
587 2340 841 2383 Magistratus
869 2339 1079 2373 academici
1103 2339 1380 2373 abdicationem
1408 2354 1440 2373 a.
1467 2339 1503 2374 d.

187 2404 237 2436 18.
278 2403 424 2436 Octobr.
469 2403 604 2437 indicit
636 2406 665 2437 J.
703 2405 789 2437 Chr.
825 2405 921 2436 Guz'l.
957 2406 1124 2447 Augusti.
1182 2405 1380 2438 praemissa
1424 2410 1498 2438 est:

178 2467 334 2500 Eusebii
357 2468 529 2500 Emesem·
555 2470 680 2501 oratio
707 2470 747 2501 in
771 2481 920 2502 sacrum
946 2469 1177 2501 parasceves
1203 2469 1298 2502 diem
1324 2481 1342 2502 e
1358 2468 1500 2502 duobus

185 2530 375 2564 codicibus
421 2531 629 2564 Vindobon.
671 2546 772 2567 nunc
807 2536 968 2580 primum
1007 2536 1046 2567 ιή
1081 2535 1201 2568 lucem
1236 2534 1350 2569 edica.
1400 2533 1499 2566 Bon-

183 2607 252 2628 nae
281 2596 519 2630 MDCCCXX.
544 2596 576 2630 4.
