1773 3032
785 584 846 628 11.

85 734 169 774 DE
192 734 499 775 DESCENSL'
527 733 770 775 CHRISTI
797 735 880 773 AD
911 733 1173 775 INFEROS
1193 731 1272 776 EX
1289 733 1547 775 SENTEN-

623 807 727 849 TIA
754 807 1007 848 EUSEBII.

83 998 198 1085 Ex
226 1041 401 1082 Eusebii
431 1043 630 1082 Emeseni
659 1040 891 1099 λειψανοῑς
930 1042 965 1082 si
1006 1042 1118 1082 nulla
1160 1041 1237 1082 alia
1277 1041 1321 1081 in
1358 1054 1435 1081 nos
1476 1054 1545 1080 re·

82 1115 292 1157 dundaret
331 1115 521 1165 utilitas,
591 1114 635 1156 id
687 1123 826 1155 tamen
884 1115 1092 1156 haberent
1146 1114 1384 1166 commodi,
1431 1111 1543 1168 quod

88 1189 280 1230 doctrina
321 1189 603 1230 ecclesiastica
646 1188 699 1228 de
737 1190 942 1229 descensu
981 1188 1139 1228 Christi
1182 1186 1232 1227 ad
1269 1185 1431 1226 inferos
1463 1199 1548 1226 nou

87 1262 178 1303 sine
209 1262 354 1303 fructu
382 1275 433 1302 ex
460 1262 541 1302 illis
570 1262 705 1316 possit
746 1262 959 1302 illustrari.
1031 1262 1134 1300 Nam
1166 1260 1218 1299 de
1247 1259 1325 1298 hac
1356 1259 1548 1298 doctrina

87 1342 177 1374 tota
215 1335 320 1376 haec
361 1336 498 1376 oratio
539 1337 651 1389 agit,
695 1345 737 1378 et
778 1335 994 1390 posterior
1032 1334 1230 1375 editionis
1258 1333 1420 1387 primae
1449 1346 1548 1386 pars

87 1416 219 1447 totam
260 1409 350 1463 ejus
389 1409 679 1449 oeconomiam
721 1406 811 1462 (ὅτι
852 1402 1000 1451 πάντα
1042 1400 1134 1450 κατ’
1164 1404 1425 1460 οἰκονομίαν
1455 1403 1551 1464 ἕγεΆ

86 1494 203 1522 νετο.
241 1495 284 1534 p.
339 1481 425 1532 25.)
483 1480 656 1520 uberius
721 1490 845 1540 atque
892 1481 1149 1530 accuratius,
1193 1481 1315 1536 quam
1365 1480 1407 1518 in
1446 1479 1551 1519 mul-

85 1554 140 1593 tis
179 1552 428 1593 tractatibus
472 1553 719 1607 dogmaticis
769 1563 812 1595 et
848 1553 1067 1609 polemicis
1111 1554 1205 1593 fieri
1247 1553 1385 1605 solet,
1424 1552 1547 1593 nobis

88 1626 278 1680 exponit.

196 1699 313 1740 Inter
352 1714 498 1740 omnes
537 1708 724 1752 constat,
762 1700 980 1740 historiam
1025 1701 1150 1756 hujus
1202 1698 1409 1755 dogmatis
1437 1696 1551 1737 haud

89 1774 251 1828 exiguis
299 1776 436 1827 premi
481 1774 797 1819 difficultatibus
852 1787 1131 1829 magnumque
1185 1774 1296 1815 omni
1353 1783 1547 1829 tempore

93 1859 242 1887 eorum
272 1845 403 1887 fuisse
433 1861 678 1898 numerum,
721 1848 792 1902 qui
838 1846 1071 1887 doctrinam
1111 1847 1436 1887 ecclesiasticam
1475 1847 1553 1884 im-

90 1927 341 1975 pugnarent,
353 1919 544 1974 adeoque
564 1928 609 1958 ut
637 1920 850 1960 interdum
884 1919 926 1958 iu
958 1917 1131 1958 dubium
1159 1927 1401 1970 vocaretur,
1426 1933 1553 1973 quae-

92 2005 187 2036 nam
232 1990 368 2032 forma
423 1992 638 2035 doctrinae
678 1993 719 2032 in
758 1993 934 2032 ecclesia
973 1992 1026 2032 sit
1065 2000 1251 2045 recepta.
1319 1991 1554 2032 Historiam

91 2065 216 2120 hujus
246 2065 451 2120 dogmatis
482 2066 607 2105 docte
639 2074 683 2108 et
710 2066 938 2119 diligenter
967 2064 1163 2118 exposuit
1193 2067 1263 2104 Jo.
1295 2069 1406 2118 Aug.
1443 2066 1553 2104 Die-

95 2139 292 2183 celmaier
326 2139 532 2192 (Historia
572 2139 776 2193 dogmatis
816 2141 867 2181 (le
920 2138 1125 2183 descensu
1168 2139 1266 2179 Chr.
1311 2141 1362 2180 ad
1389 2141 1554 2180 inferos

93 2209 311 2251 litteraria.
341 2212 421 2250 Ed.
450 2211 500 2252 II.
531 2210 715 2251 Altdorf.
754 2213 868 2264 1762.
897 2212 974 2264 8.).
1031 2213 1076 2250 In
1106 2227 1154 2251 ea
1194 2213 1330 2253 tribus
1368 2212 1411 2251 in
1449 2213 1555 2253 locis

96 2282 161 2337 (p.
192 2282 259 2324 86.
296 2283 384 2327 158,
427 2281 536 2335 165.)
566 2285 738 2324 Eusebia·
767 2286 981 2325 Emisseni
1012 2286 1253 2327 testimonio
1284 2287 1447 2338 utitur,
1480 2288 1556 2327 sed

95 2369 181 2397 non
221 2355 337 2406 veri,
386 2357 463 2397 sed
489 2359 880 2399 Pseudo-Eusebii
920 2360 1076 2408 latini,
1118 2359 1169 2399 de
1211 2375 1293 2415 quo
1326 2374 1360 2400 c.
1389 2360 1421 2399 1.
1452 2361 1557 2400 dixi-

96 2443 210 2480 mus,
254 2431 411 2486 quique
452 2432 493 2470 in
534 2433 745 2472 nonnullis
784 2435 940 2473 Nostro
985 2435 1194 2473 contraria
1238 2435 1377 2475 docet.
1451 2436 1557 2475 Nam

99 2503 166 2556 (ut
194 2506 375 2558 exempli
406 2519 524 2545 causa
553 2506 635 2545 hoc
664 2505 910 2561 afferamus)
945 2507 986 2545 iu
1014 2507 1169 2546 Homil.
1205 2507 1257 2546 de
1287 2508 1413 2548 nativ.
1455 2508 1554 2548 Chr.

99 2574 152 2614 de
181 2575 385 2618 descensu
418 2579 514 2619 Chr.
547 2580 595 2619 ad
623 2577 786 2621 inferos
816 2580 940 2636 plane
972 2595 1023 2622 ex
1053 2582 1251 2637 opposito
1281 2582 1474 2634 docetur,
1512 2590 1558 2622 ut
