<?xml version="1.0" encoding="UTF-8"?>
<!DOCTYPE html PUBLIC "-//W3C//DTD XHTML 1.0 Transitional//EN"
    "http://www.w3.org/TR/xhtml1/DTD/xhtml1-transitional.dtd">
<html xmlns="http://www.w3.org/1999/xhtml" xml:lang="en" lang="en">
 <head>
  <title>
</title>
<meta http-equiv="Content-Type" content="text/html;charset=utf-8" />
  <meta name='ocr-system' content='tesseract 3.04.00' />
  <meta name='ocr-capabilities' content='ocr_page ocr_carea ocr_par ocr_line ocrx_word'/>
</head>
<body>
  <div class='ocr_page' id='page_1' title='image "./eusebiiemeseniqu00auguuoft_0147.png"; bbox 0 0 1773 3032; ppageno 0'>
   <div class='ocr_carea' id='block_1_1' title="bbox 661 90 961 138">
    <p class='ocr_par' dir='ltr' id='par_1_1' title="bbox 661 90 961 138">
     <span class='ocr_line' id='line_1_1' title="bbox 661 90 961 138; baseline -0.007 0"><span class='ocrx_word' id='word_1_1' title='bbox 661 90 961 138; x_wconf 76' lang='lat'>-141—</span> 
     </span>
    </p>
   </div>
   <div class='ocr_carea' id='block_1_2' title="bbox 75 206 1555 2623">
    <p class='ocr_par' dir='ltr' id='par_1_2' title="bbox 75 206 1555 2623">
     <span class='ocr_line' id='line_1_2' title="bbox 81 206 1554 272; baseline 0.003 -17"><span class='ocrx_word' id='word_1_2' title='bbox 81 212 256 268; x_wconf 84' lang='lat' dir='ltr'><strong>Apocal.</strong></span> <span class='ocrx_word' id='word_1_3' title='bbox 284 214 354 253; x_wconf 88' lang='lat'><strong>111.</strong></span> <span class='ocrx_word' id='word_1_4' title='bbox 383 224 458 254; x_wconf 78' lang='lat'><strong>21:</strong></span> <span class='ocrx_word' id='word_1_5' title='bbox 495 206 554 258; x_wconf 81' lang='lat' dir='ltr'><strong>‘O</strong></span> <span class='ocrx_word' id='word_1_6' title='bbox 580 213 744 265; x_wconf 78' lang='grc' dir='ltr'><em>νικῶν,</em></span> <span class='ocrx_word' id='word_1_7' title='bbox 784 210 906 256; x_wconf 69' lang='grc' dir='ltr'><strong>δώσω</strong></span> <span class='ocrx_word' id='word_1_8' title='bbox 947 210 1067 271; x_wconf 73' lang='grc' dir='ltr'><strong>αὐτῷ</strong></span> <span class='ocrx_word' id='word_1_9' title='bbox 1108 211 1292 256; x_wconf 76' lang='grc' dir='ltr'><strong><em>καθίσαι</em></strong></span> <span class='ocrx_word' id='word_1_10' title='bbox 1328 213 1430 270; x_wconf 78' lang='grc' dir='ltr'><strong>μετ’</strong></span> <span class='ocrx_word' id='word_1_11' title='bbox 1465 214 1554 272; x_wconf 72' lang='grc' dir='ltr'><strong>ἒμὲ</strong></span> 
     </span>
     <span class='ocr_line' id='line_1_3' title="bbox 82 280 1552 344; baseline 0 -15"><span class='ocrx_word' id='word_1_12' title='bbox 82 288 130 328; x_wconf 80' lang='grc' dir='ltr'><strong>ἒν</strong></span> <span class='ocrx_word' id='word_1_13' title='bbox 158 288 219 344; x_wconf 76' lang='grc' dir='ltr'><strong>τῷ</strong></span> <span class='ocrx_word' id='word_1_14' title='bbox 247 280 400 342; x_wconf 78' lang='grc' dir='ltr'><strong><em>θρόνω</em></strong></span> <span class='ocrx_word' id='word_1_15' title='bbox 430 300 493 341; x_wconf 60' lang='grc' dir='ltr'><strong>μθ</strong></span> <span class='ocrx_word' id='word_1_16' title='bbox 524 295 605 327; x_wconf 89' lang='lat' dir='ltr'><strong>etc.</strong></span> <span class='ocrx_word' id='word_1_17' title='bbox 663 286 842 326; x_wconf 84' lang='lat' dir='ltr'><strong>Sensum</strong></span> <span class='ocrx_word' id='word_1_18' title='bbox 884 285 1009 340; x_wconf 87' lang='lat' dir='ltr'><strong>hujus</strong></span> <span class='ocrx_word' id='word_1_19' title='bbox 1049 285 1325 340; x_wconf 83' lang='lat' dir='ltr'>metaphorae</span> <span class='ocrx_word' id='word_1_20' title='bbox 1369 287 1552 343; x_wconf 84' lang='lat' dir='ltr'><strong>Chryso·</strong></span> 
     </span>
     <span class='ocr_line' id='line_1_4' title="bbox 82 360 1551 417; baseline 0.002 -16"><span class='ocrx_word' id='word_1_21' title='bbox 82 369 240 401; x_wconf 87' lang='lat' dir='ltr'><strong>stomus</strong></span> <span class='ocrx_word' id='word_1_22' title='bbox 278 361 440 401; x_wconf 88' lang='lat' dir='ltr'><strong>Homil.</strong></span> <span class='ocrx_word' id='word_1_23' title='bbox 480 361 628 403; x_wconf 78' lang='lat' dir='ltr'><strong>LXIV.</strong></span> <span class='ocrx_word' id='word_1_24' title='bbox 670 362 712 400; x_wconf 91' lang='lat' dir='ltr'><strong>in</strong></span> <span class='ocrx_word' id='word_1_25' title='bbox 751 360 898 399; x_wconf 84' lang='lat' dir='ltr'><strong>Matth.</strong></span> <span class='ocrx_word' id='word_1_26' title='bbox 942 360 998 399; x_wconf 87' lang='lat' dir='ltr'><strong>ita</strong></span> <span class='ocrx_word' id='word_1_27' title='bbox 1040 360 1244 414; x_wconf 85' lang='lat' dir='ltr'><strong>explicat:</strong></span> <span class='ocrx_word' id='word_1_28' title='bbox 1279 360 1450 417; x_wconf 74' lang='grc' dir='ltr'><em>δηλῶν,</em></span> <span class='ocrx_word' id='word_1_29' title='bbox 1480 361 1551 405; x_wconf 86' lang='grc' dir='ltr'><strong>ὅτι</strong></span> 
     </span>
     <span class='ocr_line' id='line_1_5' title="bbox 82 426 1552 491; baseline -0.001 -13"><span class='ocrx_word' id='word_1_30' title='bbox 82 427 568 490; x_wconf 43' lang='grc' dir='ltr'><strong>καὶσυιιιβασιλεύσὸσι</strong></span> <span class='ocrx_word' id='word_1_31' title='bbox 606 433 678 475; x_wconf 81' lang='grc' dir='ltr'><strong>καὶ</strong></span> <span class='ocrx_word' id='word_1_32' title='bbox 724 426 1013 487; x_wconf 64' lang='grc' dir='ltr'><strong>κοινωνήσδσι</strong></span> <span class='ocrx_word' id='word_1_33' title='bbox 1061 433 1144 487; x_wconf 78' lang='grc' dir='ltr'><strong>τῆς</strong></span> <span class='ocrx_word' id='word_1_34' title='bbox 1185 428 1315 489; x_wconf 67' lang='grc' dir='ltr'><em>δόξης</em></span> <span class='ocrx_word' id='word_1_35' title='bbox 1363 436 1552 491; x_wconf 77' lang='grc' dir='ltr'><strong>ἐκείνης·</strong></span> 
     </span>
     <span class='ocr_line' id='line_1_6' title="bbox 79 501 1552 565; baseline 0.002 -15"><span class='ocrx_word' id='word_1_36' title='bbox 79 506 155 550; x_wconf 70' lang='grc' dir='ltr'><strong>ἕὸὲ</strong></span> <span class='ocrx_word' id='word_1_37' title='bbox 182 502 267 564; x_wconf 63' lang='grc' dir='ltr'><strong>γάρ</strong></span> <span class='ocrx_word' id='word_1_38' title='bbox 297 506 526 565; x_wconf 72' lang='grc' dir='ltr'><strong>καθέδραν</strong></span> <span class='ocrx_word' id='word_1_39' title='bbox 557 510 595 550; x_wconf 85' lang='grc' dir='ltr'><strong>οἱ</strong></span> <span class='ocrx_word' id='word_1_40' title='bbox 622 505 788 564; x_wconf 76' lang='grc' dir='ltr'><strong><em>θρόνοι</em></strong></span> <span class='ocrx_word' id='word_1_41' title='bbox 819 506 985 562; x_wconf 72' lang='grc' dir='ltr'><strong><em>ὃηλὲσι·</em></strong></span> <span class='ocrx_word' id='word_1_42' title='bbox 1000 501 1145 562; x_wconf 81' lang='grc' dir='ltr'><em>μόνος</em></span> <span class='ocrx_word' id='word_1_43' title='bbox 1168 503 1252 564; x_wconf 71' lang='grc' dir='ltr'><strong>γάρ</strong></span> <span class='ocrx_word' id='word_1_44' title='bbox 1277 503 1411 556; x_wconf 69' lang='grc' dir='ltr'><strong><em>αὐτός</em></strong></span> <span class='ocrx_word' id='word_1_45' title='bbox 1431 511 1552 553; x_wconf 78' lang='grc' dir='ltr'><strong><em>ἐστιν</em></strong></span> 
     </span>
     <span class='ocr_line' id='line_1_7' title="bbox 78 575 1551 638; baseline 0.002 -16"><span class='ocrx_word' id='word_1_46' title='bbox 78 575 105 622; x_wconf 84' lang='lat' dir='ltr'><strong>o‘</strong></span> <span class='ocrx_word' id='word_1_47' title='bbox 132 575 459 636; x_wconf 68' lang='grc' dir='ltr'><strong>καθεὸέμενος,</strong></span> <span class='ocrx_word' id='word_1_48' title='bbox 482 580 554 623; x_wconf 83' lang='grc' dir='ltr'><strong>καὶ</strong></span> <span class='ocrx_word' id='word_1_49' title='bbox 584 582 761 637; x_wconf 77' lang='grc' dir='ltr'><strong>κρίνων,</strong></span> <span class='ocrx_word' id='word_1_50' title='bbox 793 575 905 622; x_wconf 63' lang='grc' dir='ltr'><strong>ἄλλα</strong></span> <span class='ocrx_word' id='word_1_51' title='bbox 934 575 1074 636; x_wconf 74' lang='grc' dir='ltr'><strong><em>τιμήν</em></strong></span> <span class='ocrx_word' id='word_1_52' title='bbox 1101 582 1173 624; x_wconf 84' lang='grc' dir='ltr'><strong>καὶ</strong></span> <span class='ocrx_word' id='word_1_53' title='bbox 1206 578 1342 631; x_wconf 71' lang='grc' dir='ltr'><strong><em>δόξαν</em></strong></span> <span class='ocrx_word' id='word_1_54' title='bbox 1371 578 1551 638; x_wconf 72' lang='grc' dir='ltr'><em>ἄφατον</em></span> 
     </span>
     <span class='ocr_line' id='line_1_8' title="bbox 80 649 1553 712; baseline -0.002 -13"><span class='ocrx_word' id='word_1_55' title='bbox 80 649 370 712; x_wconf 81' lang='grc' dir='ltr'><strong><em>παραδήλωσε</em></strong></span> <span class='ocrx_word' id='word_1_56' title='bbox 394 650 466 697; x_wconf 63' lang='lat' dir='ltr'><strong>deoc*</strong></span> <span class='ocrx_word' id='word_1_57' title='bbox 497 656 586 698; x_wconf 77' lang='grc' dir='ltr'><strong>τῶν</strong></span> <span class='ocrx_word' id='word_1_58' title='bbox 615 649 828 711; x_wconf 68' lang='grc' dir='ltr'><strong><em>θρόνωνς</em></strong></span> <span class='ocrx_word' id='word_1_59' title='bbox 858 669 954 696; x_wconf 88' lang='lat' dir='ltr'><strong>curn</strong></span> <span class='ocrx_word' id='word_1_60' title='bbox 985 669 1069 711; x_wconf 87' lang='lat' dir='ltr'><strong>quo</strong></span> <span class='ocrx_word' id='word_1_61' title='bbox 1101 664 1146 696; x_wconf 91' lang='lat' dir='ltr'><strong>et</strong></span> <span class='ocrx_word' id='word_1_62' title='bbox 1173 656 1242 695; x_wconf 87' lang='lat' dir='ltr'><strong>alii</strong></span> <span class='ocrx_word' id='word_1_63' title='bbox 1271 657 1420 696; x_wconf 86' lang='lat' dir='ltr'><strong>Patres</strong></span> <span class='ocrx_word' id='word_1_64' title='bbox 1452 669 1553 697; x_wconf 89' lang='lat' dir='ltr'><strong>con-</strong></span> 
     </span>
     <span class='ocr_line' id='line_1_9' title="bbox 77 717 1482 786; baseline -0.001 -16"><span class='ocrx_word' id='word_1_65' title='bbox 77 730 265 770; x_wconf 80' lang='lat' dir='ltr'><strong>sentiunt</strong></span> <span class='ocrx_word' id='word_1_66' title='bbox 295 729 350 770; x_wconf 75' lang='lat' dir='ltr'><strong>cf.</strong></span> <span class='ocrx_word' id='word_1_67' title='bbox 384 717 557 770; x_wconf 65' lang='lat' dir='ltr'><strong>Sziiceri</strong></span> <span class='ocrx_word' id='word_1_68' title='bbox 586 731 791 770; x_wconf 87' lang='lat' dir='ltr'><strong>Thesaur.</strong></span> <span class='ocrx_word' id='word_1_69' title='bbox 826 731 929 769; x_wconf 91' lang='lat' dir='ltr'><strong>eccl.</strong></span> <span class='ocrx_word' id='word_1_70' title='bbox 963 732 1010 769; x_wconf 83' lang='grc' dir='ltr'><strong>Τ.</strong></span> <span class='ocrx_word' id='word_1_71' title='bbox 1044 731 1093 768; x_wconf 93' lang='lat'><strong>11.</strong></span> <span class='ocrx_word' id='word_1_72' title='bbox 1124 744 1167 783; x_wconf 88' lang='lat' dir='ltr'><strong>p.</strong></span> <span class='ocrx_word' id='word_1_73' title='bbox 1207 731 1306 775; x_wconf 77' lang='lat'>1408</span> <span class='ocrx_word' id='word_1_74' title='bbox 1337 753 1384 758; x_wconf 92' lang='lat'><strong>——</strong></span> <span class='ocrx_word' id='word_1_75' title='bbox 1415 743 1482 786; x_wconf 88' lang='lat'><strong>09.</strong></span> 
     </span>
     <span class='ocr_line' id='line_1_10' title="bbox 193 797 1553 861; baseline 0.002 -19"><span class='ocrx_word' id='word_1_76' title='bbox 193 803 398 857; x_wconf 78' lang='lat' dir='ltr'><strong>13)1bid.</strong></span> <span class='ocrx_word' id='word_1_77' title='bbox 430 802 542 846; x_wconf 84' lang='grc' dir='ltr'><strong>Καὶ</strong></span> <span class='ocrx_word' id='word_1_78' title='bbox 571 804 640 861; x_wconf 76' lang='grc' dir='ltr'><strong>τῷ</strong></span> <span class='ocrx_word' id='word_1_79' title='bbox 667 804 814 860; x_wconf 76' lang='grc' dir='ltr'><strong>χορῷ</strong></span> <span class='ocrx_word' id='word_1_80' title='bbox 855 804 961 844; x_wconf 76' lang='grc' dir='ltr'><strong>ταῖν</strong></span> <span class='ocrx_word' id='word_1_81' title='bbox 1002 797 1371 845; x_wconf 75' lang='grc' dir='ltr'><strong><em>Ἀποστόλων</em></strong></span> <span class='ocrx_word' id='word_1_82' title='bbox 1412 817 1553 859; x_wconf 76' lang='grc' dir='ltr'><strong><em>συγ-</em></strong></span> 
     </span>
     <span class='ocr_line' id='line_1_11' title="bbox 76 878 1553 934; baseline -0.002 -14"><span class='ocrx_word' id='word_1_83' title='bbox 76 880 604 934; x_wconf 74' lang='grc' dir='ltr'><strong><em>καταριθμεῖσθαι.</em></strong></span> <span class='ocrx_word' id='word_1_84' title='bbox 671 878 779 918; x_wconf 83' lang='lat' dir='ltr'>Item</span> <span class='ocrx_word' id='word_1_85' title='bbox 821 892 862 931; x_wconf 87' lang='lat' dir='ltr'><strong>p.</strong></span> <span class='ocrx_word' id='word_1_86' title='bbox 909 880 968 923; x_wconf 73' lang='lat'><strong>¹4·</strong></span> <span class='ocrx_word' id='word_1_87' title='bbox 1010 890 1063 916; x_wconf 84' lang='lat' dir='ltr'><strong>ex</strong></span> <span class='ocrx_word' id='word_1_88' title='bbox 1105 878 1332 932; x_wconf 88' lang='lat' dir='ltr'><strong>opposito:</strong></span> <span class='ocrx_word' id='word_1_89' title='bbox 1372 891 1553 933; x_wconf 86' lang='grc' dir='ltr'><strong><em>χωρι-</em></strong></span> 
     </span>
     <span class='ocr_line' id='line_1_12' title="bbox 77 950 1551 1009; baseline -0.001 -16"><span class='ocrx_word' id='word_1_90' title='bbox 77 951 293 1006; x_wconf 74' lang='grc' dir='ltr'><strong><em>σθῆναι</em></strong></span> <span class='ocrx_word' id='word_1_91' title='bbox 322 952 387 992; x_wconf 73' lang='grc' dir='ltr'><em>τὲ</em></span> <span class='ocrx_word' id='word_1_92' title='bbox 414 952 553 1009; x_wconf 70' lang='grc' dir='ltr'><strong>χορέ</strong></span> <span class='ocrx_word' id='word_1_93' title='bbox 579 951 644 993; x_wconf 70' lang='grc' dir='ltr'><em>τὲ</em></span> <span class='ocrx_word' id='word_1_94' title='bbox 672 950 1056 993; x_wconf 69' lang='grc' dir='ltr'><strong>α’ποστολικὲ.</strong></span> <span class='ocrx_word' id='word_1_95' title='bbox 1114 952 1209 1005; x_wconf 89' lang='lat' dir='ltr'><strong>Ipsa</strong></span> <span class='ocrx_word' id='word_1_96' title='bbox 1248 950 1458 991; x_wconf 88' lang='lat' dir='ltr'><strong>sententia</strong></span> <span class='ocrx_word' id='word_1_97' title='bbox 1499 964 1551 991; x_wconf 84' lang='lat' dir='ltr'><strong>ex</strong></span> 
     </span>
     <span class='ocr_line' id='line_1_13' title="bbox 79 1020 1552 1081; baseline 0 -15"><span class='ocrx_word' id='word_1_98' title='bbox 79 1026 275 1068; x_wconf 89' lang='lat' dir='ltr'><strong>oratione</strong></span> <span class='ocrx_word' id='word_1_99' title='bbox 316 1025 437 1066; x_wconf 89' lang='lat' dir='ltr'><strong>Petri</strong></span> <span class='ocrx_word' id='word_1_100' title='bbox 484 1026 566 1079; x_wconf 89' lang='lat' dir='ltr'><strong>Ap.</strong></span> <span class='ocrx_word' id='word_1_101' title='bbox 621 1026 770 1066; x_wconf 86' lang='lat' dir='ltr'><strong>Actor.</strong></span> <span class='ocrx_word' id='word_1_102' title='bbox 812 1027 842 1065; x_wconf 90' lang='grc' dir='ltr'><strong>Ι.</strong></span> <span class='ocrx_word' id='word_1_103' title='bbox 883 1040 951 1079; x_wconf 79' lang='lat'><strong>¹7²</strong></span> <span class='ocrx_word' id='word_1_104' title='bbox 1003 1020 1112 1069; x_wconf 82' lang='grc' dir='ltr'><strong><em>’Ὀτι</em></strong></span> <span class='ocrx_word' id='word_1_105' title='bbox 1147 1021 1552 1081; x_wconf 70' lang='grc' dir='ltr'><em>κατηριθμημένος</em></span> 
     </span>
     <span class='ocr_line' id='line_1_14' title="bbox 77 1092 1550 1156; baseline 0 -16"><span class='ocrx_word' id='word_1_106' title='bbox 77 1100 157 1155; x_wconf 88' lang='lat' dir='ltr'><strong>(sc.</strong></span> <span class='ocrx_word' id='word_1_107' title='bbox 199 1100 348 1153; x_wconf 88' lang='lat' dir='ltr'><strong>Judas)</strong></span> <span class='ocrx_word' id='word_1_108' title='bbox 386 1093 446 1155; x_wconf 80' lang='grc' dir='ltr'><strong>ἦν</strong></span> <span class='ocrx_word' id='word_1_109' title='bbox 475 1092 558 1141; x_wconf 75' lang='grc' dir='ltr'><strong>σὺν</strong></span> <span class='ocrx_word' id='word_1_110' title='bbox 585 1093 715 1154; x_wconf 72' lang='grc' dir='ltr'><em>ἡμῖν,</em></span> <span class='ocrx_word' id='word_1_111' title='bbox 743 1097 816 1141; x_wconf 83' lang='grc' dir='ltr'><strong>καὶ</strong></span> <span class='ocrx_word' id='word_1_112' title='bbox 854 1098 982 1156; x_wconf 80' lang='grc' dir='ltr'><strong><em>ἔλαχε</em></strong></span> <span class='ocrx_word' id='word_1_113' title='bbox 1012 1097 1094 1141; x_wconf 80' lang='grc' dir='ltr'><strong>τόν</strong></span> <span class='ocrx_word' id='word_1_114' title='bbox 1122 1099 1288 1155; x_wconf 76' lang='grc' dir='ltr'><em>κλῆρον</em></span> <span class='ocrx_word' id='word_1_115' title='bbox 1329 1102 1408 1154; x_wconf 76' lang='grc' dir='ltr'><strong>τῆς</strong></span> <span class='ocrx_word' id='word_1_116' title='bbox 1450 1097 1550 1140; x_wconf 79' lang='grc' dir='ltr'><strong><em>δια-</em></strong></span> 
     </span>
     <span class='ocr_line' id='line_1_15' title="bbox 77 1165 1551 1228; baseline -0.002 -13"><span class='ocrx_word' id='word_1_117' title='bbox 77 1171 230 1220; x_wconf 80' lang='grc' dir='ltr'><em>κονίας</em></span> <span class='ocrx_word' id='word_1_118' title='bbox 268 1165 460 1228; x_wconf 77' lang='grc' dir='ltr'><strong><em>ταύτης,</em></strong></span> <span class='ocrx_word' id='word_1_119' title='bbox 501 1172 692 1213; x_wconf 87' lang='lat' dir='ltr'><strong>desumta</strong></span> <span class='ocrx_word' id='word_1_120' title='bbox 723 1181 787 1212; x_wconf 92' lang='lat' dir='ltr'><strong>est</strong></span> <span class='ocrx_word' id='word_1_121' title='bbox 817 1181 861 1212; x_wconf 90' lang='lat' dir='ltr'><strong>et</strong></span> <span class='ocrx_word' id='word_1_122' title='bbox 891 1173 948 1212; x_wconf 84' lang='lat' dir='ltr'><strong>ita</strong></span> <span class='ocrx_word' id='word_1_123' title='bbox 980 1186 1206 1227; x_wconf 86' lang='lat' dir='ltr'><strong>expressa,</strong></span> <span class='ocrx_word' id='word_1_124' title='bbox 1253 1182 1300 1213; x_wconf 87' lang='lat' dir='ltr'><strong>ut</strong></span> <span class='ocrx_word' id='word_1_125' title='bbox 1329 1173 1382 1212; x_wconf 90' lang='lat' dir='ltr'><strong>de</strong></span> <span class='ocrx_word' id='word_1_126' title='bbox 1424 1186 1551 1212; x_wconf 90' lang='lat' dir='ltr'><strong>sensu</strong></span> 
     </span>
     <span class='ocr_line' id='line_1_16' title="bbox 78 1245 1550 1301; baseline -0.001 -14"><span class='ocrx_word' id='word_1_127' title='bbox 78 1247 253 1288; x_wconf 88' lang='lat' dir='ltr'><strong>dubium</strong></span> <span class='ocrx_word' id='word_1_128' title='bbox 294 1261 387 1287; x_wconf 90' lang='lat' dir='ltr'><strong>esse</strong></span> <span class='ocrx_word' id='word_1_129' title='bbox 431 1261 516 1288; x_wconf 93' lang='lat' dir='ltr'><strong>non</strong></span> <span class='ocrx_word' id='word_1_130' title='bbox 559 1245 708 1299; x_wconf 85' lang='lat' dir='ltr'><strong>possit.</strong></span> <span class='ocrx_word' id='word_1_131' title='bbox 766 1246 893 1286; x_wconf 83' lang='lat' dir='ltr'><strong>Judas</strong></span> <span class='ocrx_word' id='word_1_132' title='bbox 935 1247 1057 1301; x_wconf 90' lang='lat' dir='ltr'><strong>culpa</strong></span> <span class='ocrx_word' id='word_1_133' title='bbox 1089 1255 1132 1287; x_wconf 89' lang='lat' dir='ltr'><strong>et</strong></span> <span class='ocrx_word' id='word_1_134' title='bbox 1162 1247 1343 1301; x_wconf 85' lang='lat' dir='ltr'><strong>perfidia</strong></span> <span class='ocrx_word' id='word_1_135' title='bbox 1373 1261 1446 1286; x_wconf 86' lang='lat' dir='ltr'><strong>sua</strong></span> <span class='ocrx_word' id='word_1_136' title='bbox 1474 1261 1550 1301; x_wconf 73' lang='lat' dir='ltr'><strong>nn-</strong></span> 
     </span>
     <span class='ocr_line' id='line_1_17' title="bbox 77 1319 1553 1376; baseline 0.001 -16"><span class='ocrx_word' id='word_1_137' title='bbox 77 1335 199 1363; x_wconf 88' lang='lat' dir='ltr'><strong>mero</strong></span> <span class='ocrx_word' id='word_1_138' title='bbox 238 1322 548 1376; x_wconf 87' lang='lat' dir='ltr'>Apostolorum</span> <span class='ocrx_word' id='word_1_139' title='bbox 587 1321 752 1375; x_wconf 88' lang='lat' dir='ltr'><strong>ejectus</strong></span> <span class='ocrx_word' id='word_1_140' title='bbox 797 1321 990 1374; x_wconf 83' lang='lat' dir='ltr'><strong>exemplo</strong></span> <span class='ocrx_word' id='word_1_141' title='bbox 1033 1320 1156 1360; x_wconf 89' lang='lat' dir='ltr'><strong>nobis</strong></span> <span class='ocrx_word' id='word_1_142' title='bbox 1195 1333 1290 1359; x_wconf 90' lang='lat' dir='ltr'><strong>esse</strong></span> <span class='ocrx_word' id='word_1_143' title='bbox 1323 1319 1476 1370; x_wconf 90' lang='lat' dir='ltr'><strong>debet,</strong></span> <span class='ocrx_word' id='word_1_144' title='bbox 1504 1330 1553 1362; x_wconf 93' lang='lat' dir='ltr'><strong>ut</strong></span> 
     </span>
     <span class='ocr_line' id='line_1_18' title="bbox 76 1394 1552 1442; baseline 0 -8"><span class='ocrx_word' id='word_1_145' title='bbox 76 1395 198 1435; x_wconf 91' lang='lat' dir='ltr'><strong>nobis</strong></span> <span class='ocrx_word' id='word_1_146' title='bbox 228 1394 278 1435; x_wconf 87' lang='lat' dir='ltr'><strong>ab</strong></span> <span class='ocrx_word' id='word_1_147' title='bbox 310 1395 608 1435; x_wconf 80' lang='lat' dir='ltr'><strong>incredulitate</strong></span> <span class='ocrx_word' id='word_1_148' title='bbox 640 1402 684 1434; x_wconf 87' lang='lat' dir='ltr'><strong>et</strong></span> <span class='ocrx_word' id='word_1_149' title='bbox 715 1395 1009 1434; x_wconf 85' lang='lat' dir='ltr'>inobedientia</span> <span class='ocrx_word' id='word_1_150' title='bbox 1039 1407 1273 1442; x_wconf 84' lang='lat' dir='ltr'><strong>caveamus,</strong></span> <span class='ocrx_word' id='word_1_151' title='bbox 1303 1405 1356 1432; x_wconf 91' lang='lat' dir='ltr'><strong>ne</strong></span> <span class='ocrx_word' id='word_1_152' title='bbox 1380 1409 1400 1433; x_wconf 85' lang='lat' dir='ltr'><strong>a</strong></span> <span class='ocrx_word' id='word_1_153' title='bbox 1422 1402 1552 1435; x_wconf 92' lang='lat' dir='ltr'><strong>coetu</strong></span> 
     </span>
     <span class='ocr_line' id='line_1_19' title="bbox 77 1465 1552 1519; baseline 0.001 -13"><span class='ocrx_word' id='word_1_154' title='bbox 77 1476 318 1507; x_wconf 87' lang='lat' dir='ltr'><strong>sanctorum</strong></span> <span class='ocrx_word' id='word_1_155' title='bbox 347 1479 640 1519; x_wconf 82' lang='lat' dir='ltr'><strong>segregemur.</strong></span> <span class='ocrx_word' id='word_1_156' title='bbox 670 1465 842 1504; x_wconf 86' lang='lat' dir='ltr'><strong>Phrasis</strong></span> <span class='ocrx_word' id='word_1_157' title='bbox 873 1473 1014 1504; x_wconf 88' lang='lat' dir='ltr'><strong>autem</strong></span> <span class='ocrx_word' id='word_1_158' title='bbox 1045 1467 1357 1519; x_wconf 79' lang='lat' dir='ltr'><strong>Apostolorum</strong></span> <span class='ocrx_word' id='word_1_159' title='bbox 1392 1469 1552 1508; x_wconf 78' lang='lat' dir='ltr'><strong>chorus</strong></span> 
     </span>
     <span class='ocr_line' id='line_1_20' title="bbox 77 1536 1555 1592; baseline 0.001 -14"><span class='ocrx_word' id='word_1_160' title='bbox 77 1539 189 1592; x_wconf 86' lang='lat' dir='ltr'><strong>apud</strong></span> <span class='ocrx_word' id='word_1_161' title='bbox 221 1539 590 1592; x_wconf 82' lang='lat' dir='ltr'><strong>Chrysostomum,</strong></span> <span class='ocrx_word' id='word_1_162' title='bbox 622 1536 897 1590; x_wconf 82' lang='lat' dir='ltr'><strong>Fulgentium</strong></span> <span class='ocrx_word' id='word_1_163' title='bbox 928 1537 1117 1592; x_wconf 88' lang='lat' dir='ltr'><strong>aliosque</strong></span> <span class='ocrx_word' id='word_1_164' title='bbox 1150 1540 1385 1591; x_wconf 85' lang='lat' dir='ltr'><strong>scriptores</strong></span> <span class='ocrx_word' id='word_1_165' title='bbox 1416 1540 1555 1580; x_wconf 88' lang='lat' dir='ltr'><strong>eccle-</strong></span> 
     </span>
     <span class='ocr_line' id='line_1_21' title="bbox 75 1610 1458 1668; baseline 0.002 -18"><span class='ocrx_word' id='word_1_166' title='bbox 75 1610 288 1662; x_wconf 87' lang='lat' dir='ltr'><strong>siasticos,</strong></span> <span class='ocrx_word' id='word_1_167' title='bbox 318 1625 397 1652; x_wconf 90' lang='lat' dir='ltr'><strong>nec</strong></span> <span class='ocrx_word' id='word_1_168' title='bbox 425 1625 511 1651; x_wconf 91' lang='lat' dir='ltr'><strong>non</strong></span> <span class='ocrx_word' id='word_1_169' title='bbox 539 1612 581 1651; x_wconf 90' lang='lat' dir='ltr'><strong>in</strong></span> <span class='ocrx_word' id='word_1_170' title='bbox 610 1611 772 1664; x_wconf 88' lang='lat' dir='ltr'><strong>hymnis</strong></span> <span class='ocrx_word' id='word_1_171' title='bbox 805 1612 956 1651; x_wconf 80' lang='lat' dir='ltr'><strong>eccles.</strong></span> <span class='ocrx_word' id='word_1_172' title='bbox 987 1613 1211 1651; x_wconf 80' lang='lat' dir='ltr'>admodum</span> <span class='ocrx_word' id='word_1_173' title='bbox 1242 1611 1458 1668; x_wconf 78' lang='lat' dir='ltr'><strong>frequens.</strong></span> 
     </span>
     <span class='ocr_line' id='line_1_22' title="bbox 191 1677 1552 1742; baseline 0.003 -20"><span class='ocrx_word' id='word_1_174' title='bbox 191 1683 381 1730; x_wconf 73' lang='lat' dir='ltr'><strong>14]1bid</strong></span> <span class='ocrx_word' id='word_1_175' title='bbox 420 1682 517 1726; x_wconf 87' lang='grc' dir='ltr'><strong>Ἐν</strong></span> <span class='ocrx_word' id='word_1_176' title='bbox 557 1683 797 1742; x_wconf 75' lang='grc' dir='ltr'><strong><em>Χριστῷ</em></strong></span> <span class='ocrx_word' id='word_1_177' title='bbox 834 1682 982 1738; x_wconf 73' lang='grc' dir='ltr'><em>’Ῑησὲ</em></span> <span class='ocrx_word' id='word_1_178' title='bbox 1020 1708 1075 1714; x_wconf 93' lang='lat'><strong>—-</strong></span> <span class='ocrx_word' id='word_1_179' title='bbox 1112 1708 1167 1715; x_wconf 85' lang='lat'>—</span> <span class='ocrx_word' id='word_1_180' title='bbox 1207 1677 1377 1740; x_wconf 73' lang='grc' dir='ltr'><em>οἷμήν.</em></span> <span class='ocrx_word' id='word_1_181' title='bbox 1444 1687 1552 1726; x_wconf 84' lang='lat' dir='ltr'><strong>For-</strong></span> 
     </span>
     <span class='ocr_line' id='line_1_23' title="bbox 76 1758 1554 1815; baseline 0.004 -19"><span class='ocrx_word' id='word_1_182' title='bbox 76 1758 185 1797; x_wconf 85' lang='lat' dir='ltr'><strong>mula</strong></span> <span class='ocrx_word' id='word_1_183' title='bbox 213 1758 494 1812; x_wconf 81' lang='lat' dir='ltr'><strong>doxologica,</strong></span> <span class='ocrx_word' id='word_1_184' title='bbox 538 1773 619 1813; x_wconf 88' lang='lat' dir='ltr'><strong>qua</strong></span> <span class='ocrx_word' id='word_1_185' title='bbox 658 1758 900 1798; x_wconf 85' lang='lat' dir='ltr'><strong>Homiletae</strong></span> <span class='ocrx_word' id='word_1_186' title='bbox 942 1759 1167 1815; x_wconf 83' lang='lat' dir='ltr'><strong>utriusque</strong></span> <span class='ocrx_word' id='word_1_187' title='bbox 1209 1760 1412 1801; x_wconf 86' lang='lat' dir='ltr'><strong>ecclesiae</strong></span> <span class='ocrx_word' id='word_1_188' title='bbox 1452 1774 1554 1802; x_wconf 89' lang='lat' dir='ltr'><strong>con-</strong></span> 
     </span>
     <span class='ocr_line' id='line_1_24' title="bbox 79 1830 1553 1875; baseline 0.003 -5"><span class='ocrx_word' id='word_1_189' title='bbox 79 1839 237 1871; x_wconf 86' lang='lat' dir='ltr'><strong>stanter</strong></span> <span class='ocrx_word' id='word_1_190' title='bbox 275 1840 318 1872; x_wconf 85' lang='lat' dir='ltr'><strong>et</strong></span> <span class='ocrx_word' id='word_1_191' title='bbox 358 1830 503 1873; x_wconf 78' lang='lat' dir='ltr'><strong>verbis</strong></span> <span class='ocrx_word' id='word_1_192' title='bbox 544 1844 630 1870; x_wconf 86' lang='lat' dir='ltr'><strong>non</strong></span> <span class='ocrx_word' id='word_1_193' title='bbox 668 1831 847 1871; x_wconf 86' lang='lat' dir='ltr'><strong>multum</strong></span> <span class='ocrx_word' id='word_1_194' title='bbox 886 1831 1064 1872; x_wconf 85' lang='lat' dir='ltr'><strong>diversis</strong></span> <span class='ocrx_word' id='word_1_195' title='bbox 1106 1834 1325 1874; x_wconf 89' lang='lat' dir='ltr'><strong>orationes</strong></span> <span class='ocrx_word' id='word_1_196' title='bbox 1367 1846 1458 1873; x_wconf 80' lang='lat' dir='ltr'><strong>suas</strong></span> <span class='ocrx_word' id='word_1_197' title='bbox 1490 1848 1553 1875; x_wconf 86' lang='lat' dir='ltr'><strong>sa-</strong></span> 
     </span>
     <span class='ocr_line' id='line_1_25' title="bbox 78 1902 1550 1960; baseline 0.004 -18"><span class='ocrx_word' id='word_1_198' title='bbox 78 1916 184 1953; x_wconf 82' lang='lat' dir='ltr'><strong>cras,</strong></span> <span class='ocrx_word' id='word_1_199' title='bbox 208 1904 316 1944; x_wconf 89' lang='lat' dir='ltr'><strong>sicut</strong></span> <span class='ocrx_word' id='word_1_200' title='bbox 345 1918 490 1944; x_wconf 90' lang='lat' dir='ltr'><strong>omnes</strong></span> <span class='ocrx_word' id='word_1_201' title='bbox 520 1918 567 1944; x_wconf 86' lang='lat' dir='ltr'><strong>ac</strong></span> <span class='ocrx_word' id='word_1_202' title='bbox 599 1902 781 1958; x_wconf 84' lang='lat' dir='ltr'><strong>singulas</strong></span> <span class='ocrx_word' id='word_1_203' title='bbox 809 1907 996 1945; x_wconf 82' lang='lat' dir='ltr'><strong>actiones</strong></span> <span class='ocrx_word' id='word_1_204' title='bbox 1020 1915 1063 1946; x_wconf 90' lang='lat' dir='ltr'><strong>et</strong></span> <span class='ocrx_word' id='word_1_205' title='bbox 1087 1907 1374 1948; x_wconf 84' lang='lat' dir='ltr'><strong>solemnitates</strong></span> <span class='ocrx_word' id='word_1_206' title='bbox 1397 1921 1550 1960; x_wconf 87' lang='lat' dir='ltr'><strong>sacras,</strong></span> 
     </span>
     <span class='ocr_line' id='line_1_26' title="bbox 79 1977 1551 2036; baseline 0.005 -20"><span class='ocrx_word' id='word_1_207' title='bbox 79 1977 219 2017; x_wconf 84' lang='lat' dir='ltr'><strong>solent</strong></span> <span class='ocrx_word' id='word_1_208' title='bbox 246 1978 382 2018; x_wconf 82' lang='lat' dir='ltr'><strong>finire.</strong></span> <span class='ocrx_word' id='word_1_209' title='bbox 440 1979 571 2033; x_wconf 86' lang='lat' dir='ltr'><strong>Apud</strong></span> <span class='ocrx_word' id='word_1_210' title='bbox 600 1980 803 2018; x_wconf 85' lang='lat' dir='ltr'><strong>Nostrum</strong></span> <span class='ocrx_word' id='word_1_211' title='bbox 834 1979 1060 2034; x_wconf 81' lang='lat' dir='ltr'><strong>doxologia</strong></span> <span class='ocrx_word' id='word_1_212' title='bbox 1090 1990 1195 2022; x_wconf 86' lang='lat' dir='ltr'><strong>orat.</strong></span> <span class='ocrx_word' id='word_1_213' title='bbox 1226 1983 1276 2021; x_wconf 90' lang='grc' dir='ltr'><strong>ΙΙ.</strong></span> <span class='ocrx_word' id='word_1_214' title='bbox 1306 1997 1350 2036; x_wconf 89' lang='lat' dir='ltr'><strong>p.</strong></span> <span class='ocrx_word' id='word_1_215' title='bbox 1388 1986 1447 2028; x_wconf 74' lang='lat'><strong>¹4·</strong></span> <span class='ocrx_word' id='word_1_216' title='bbox 1492 1983 1551 2023; x_wconf 84' lang='lat' dir='ltr'><strong>ita</strong></span> 
     </span>
     <span class='ocr_line' id='line_1_27' title="bbox 78 2045 1550 2110; baseline 0.006 -22"><span class='ocrx_word' id='word_1_217' title='bbox 78 2061 301 2104; x_wconf 84' lang='lat' dir='ltr'><strong>expressa:</strong></span> <span class='ocrx_word' id='word_1_218' title='bbox 356 2051 430 2108; x_wconf 75' lang='grc' dir='ltr'><strong>Τῷ</strong></span> <span class='ocrx_word' id='word_1_219' title='bbox 471 2050 519 2094; x_wconf 81' lang='grc' dir='ltr'><strong>δὲ</strong></span> <span class='ocrx_word' id='word_1_220' title='bbox 557 2051 740 2110; x_wconf 78' lang='grc' dir='ltr'><strong><em>Χριστῷ</em></strong></span> <span class='ocrx_word' id='word_1_221' title='bbox 772 2045 878 2100; x_wconf 78' lang='grc' dir='ltr'><strong>ὃόξα</strong></span> <span class='ocrx_word' id='word_1_222' title='bbox 906 2051 977 2094; x_wconf 86' lang='grc' dir='ltr'><strong>καὶ</strong></span> <span class='ocrx_word' id='word_1_223' title='bbox 1005 2048 1115 2108; x_wconf 73' lang='grc' dir='ltr'><strong>τιμή</strong></span> <span class='ocrx_word' id='word_1_224' title='bbox 1147 2053 1218 2096; x_wconf 85' lang='grc' dir='ltr'><strong>καὶ</strong></span> <span class='ocrx_word' id='word_1_225' title='bbox 1247 2048 1425 2110; x_wconf 67' lang='grc' dir='ltr'><strong>κράτος·</strong></span> <span class='ocrx_word' id='word_1_226' title='bbox 1464 2054 1550 2097; x_wconf 73' lang='grc' dir='ltr'><strong>νῦν</strong></span> 
     </span>
     <span class='ocr_line' id='line_1_28' title="bbox 77 2117 1550 2176; baseline 0.004 -13"><span class='ocrx_word' id='word_1_227' title='bbox 77 2122 149 2164; x_wconf 83' lang='grc' dir='ltr'><strong>καὶ</strong></span> <span class='ocrx_word' id='word_1_228' title='bbox 179 2117 275 2176; x_wconf 70' lang='lat' dir='ltr'><strong>cisi,</strong></span> <span class='ocrx_word' id='word_1_229' title='bbox 303 2123 378 2167; x_wconf 81' lang='grc' dir='ltr'><strong>καὶ</strong></span> <span class='ocrx_word' id='word_1_230' title='bbox 407 2127 468 2172; x_wconf 81' lang='grc' dir='ltr'><strong>εἷς</strong></span> <span class='ocrx_word' id='word_1_231' title='bbox 497 2120 573 2173; x_wconf 55' lang='lat' dir='ltr'><strong>veis</strong></span> <span class='ocrx_word' id='word_1_232' title='bbox 603 2128 780 2173; x_wconf 73' lang='grc' dir='ltr'><strong><em>αἰῶνας.</em></strong></span> <span class='ocrx_word' id='word_1_233' title='bbox 837 2126 1069 2176; x_wconf 87' lang='lat' dir='ltr'><strong>Similiter,</strong></span> <span class='ocrx_word' id='word_1_234' title='bbox 1101 2127 1176 2166; x_wconf 87' lang='lat' dir='ltr'><strong>sed</strong></span> <span class='ocrx_word' id='word_1_235' title='bbox 1204 2126 1376 2169; x_wconf 82' lang='lat' dir='ltr'><strong>brevius</strong></span> <span class='ocrx_word' id='word_1_236' title='bbox 1405 2128 1550 2169; x_wconf 85' lang='lat' dir='ltr'><strong>finitur</strong></span> 
     </span>
     <span class='ocr_line' id='line_1_29' title="bbox 80 2195 1549 2254; baseline 0.003 -18"><span class='ocrx_word' id='word_1_237' title='bbox 80 2195 199 2237; x_wconf 82' lang='lat' dir='ltr'><strong>Orat.</strong></span> <span class='ocrx_word' id='word_1_238' title='bbox 239 2199 311 2238; x_wconf 88' lang='lat'><strong>111.</strong></span> <span class='ocrx_word' id='word_1_239' title='bbox 352 2199 419 2238; x_wconf 88' lang='lat' dir='ltr'><strong>ed.</strong></span> <span class='ocrx_word' id='word_1_240' title='bbox 450 2201 501 2238; x_wconf 94' lang='grc' dir='ltr'><strong>ΙΙ.</strong></span> <span class='ocrx_word' id='word_1_241' title='bbox 533 2215 575 2254; x_wconf 89' lang='lat' dir='ltr'><strong>p.</strong></span> <span class='ocrx_word' id='word_1_242' title='bbox 618 2200 685 2240; x_wconf 83' lang='lat'><strong>35.</strong></span> <span class='ocrx_word' id='word_1_243' title='bbox 742 2200 918 2238; x_wconf 90' lang='lat' dir='ltr'><strong>Plenior</strong></span> <span class='ocrx_word' id='word_1_244' title='bbox 960 2208 1101 2238; x_wconf 87' lang='lat' dir='ltr'><strong>autem</strong></span> <span class='ocrx_word' id='word_1_245' title='bbox 1132 2208 1175 2239; x_wconf 88' lang='lat' dir='ltr'><strong>et</strong></span> <span class='ocrx_word' id='word_1_246' title='bbox 1205 2200 1438 2240; x_wconf 88' lang='lat' dir='ltr'><strong>solemnior</strong></span> <span class='ocrx_word' id='word_1_247' title='bbox 1483 2210 1549 2242; x_wconf 84' lang='lat' dir='ltr'><strong>est</strong></span> 
     </span>
     <span class='ocr_line' id='line_1_30' title="bbox 78 2269 1547 2328; baseline 0.003 -19"><span class='ocrx_word' id='word_1_248' title='bbox 78 2269 330 2325; x_wconf 82' lang='lat' dir='ltr'><strong>doxologiae</strong></span> <span class='ocrx_word' id='word_1_249' title='bbox 380 2271 563 2312; x_wconf 74' lang='lat' dir='ltr'><strong>formula</strong></span> <span class='ocrx_word' id='word_1_250' title='bbox 592 2273 635 2312; x_wconf 91' lang='lat' dir='ltr'><strong>in</strong></span> <span class='ocrx_word' id='word_1_251' title='bbox 662 2272 744 2312; x_wconf 85' lang='lat' dir='ltr'><strong>fine</strong></span> <span class='ocrx_word' id='word_1_252' title='bbox 783 2271 904 2312; x_wconf 89' lang='lat' dir='ltr'><strong>Orat.</strong></span> <span class='ocrx_word' id='word_1_253' title='bbox 936 2274 1006 2312; x_wconf 91' lang='lat' dir='ltr'><strong>IlI.</strong></span> <span class='ocrx_word' id='word_1_254' title='bbox 1037 2272 1104 2312; x_wconf 87' lang='lat' dir='ltr'><strong>ed.</strong></span> <span class='ocrx_word' id='word_1_255' title='bbox 1136 2275 1166 2312; x_wconf 94' lang='grc' dir='ltr'><strong>Ι.</strong></span> <span class='ocrx_word' id='word_1_256' title='bbox 1198 2289 1236 2328; x_wconf 89' lang='lat' dir='ltr'><strong>p.</strong></span> <span class='ocrx_word' id='word_1_257' title='bbox 1273 2277 1339 2314; x_wconf 79' lang='lat'><strong>28.</strong></span> <span class='ocrx_word' id='word_1_258' title='bbox 1395 2275 1547 2314; x_wconf 86' lang='lat' dir='ltr'><strong>Falsis-</strong></span> 
     </span>
     <span class='ocr_line' id='line_1_31' title="bbox 79 2342 1548 2402; baseline 0.004 -21"><span class='ocrx_word' id='word_1_259' title='bbox 79 2342 229 2384; x_wconf 89' lang='lat' dir='ltr'><strong>simum</strong></span> <span class='ocrx_word' id='word_1_260' title='bbox 274 2355 416 2387; x_wconf 88' lang='lat' dir='ltr'><strong>autem</strong></span> <span class='ocrx_word' id='word_1_261' title='bbox 457 2356 593 2398; x_wconf 90' lang='lat' dir='ltr'><strong>esset,</strong></span> <span class='ocrx_word' id='word_1_262' title='bbox 633 2346 667 2386; x_wconf 88' lang='lat' dir='ltr'><strong>si</strong></span> <span class='ocrx_word' id='word_1_263' title='bbox 698 2347 791 2402; x_wconf 89' lang='lat' dir='ltr'><strong>quis</strong></span> <span class='ocrx_word' id='word_1_264' title='bbox 821 2347 872 2386; x_wconf 88' lang='lat' dir='ltr'><strong>ad</strong></span> <span class='ocrx_word' id='word_1_265' title='bbox 901 2346 1109 2400; x_wconf 84' lang='lat' dir='ltr'><strong>ejusmodi</strong></span> <span class='ocrx_word' id='word_1_266' title='bbox 1139 2346 1341 2387; x_wconf 82' lang='lat' dir='ltr'><strong>formulas</strong></span> <span class='ocrx_word' id='word_1_267' title='bbox 1372 2362 1457 2387; x_wconf 92' lang='lat' dir='ltr'><strong>non</strong></span> <span class='ocrx_word' id='word_1_268' title='bbox 1489 2356 1548 2387; x_wconf 83' lang='lat' dir='ltr'><strong>at-</strong></span> 
     </span>
     <span class='ocr_line' id='line_1_32' title="bbox 76 2419 1548 2476; baseline 0.001 -18"><span class='ocrx_word' id='word_1_269' title='bbox 76 2419 281 2471; x_wconf 85' lang='lat' dir='ltr'><strong>tendere,</strong></span> <span class='ocrx_word' id='word_1_270' title='bbox 323 2434 477 2475; x_wconf 88' lang='lat' dir='ltr'><strong>easque</strong></span> <span class='ocrx_word' id='word_1_271' title='bbox 519 2436 678 2462; x_wconf 86' lang='lat' dir='ltr'><strong>meram</strong></span> <span class='ocrx_word' id='word_1_272' title='bbox 717 2419 1042 2476; x_wconf 75' lang='grc' dir='ltr'><strong>φρασεολογιάν</strong></span> <span class='ocrx_word' id='word_1_273' title='bbox 1073 2430 1116 2461; x_wconf 84' lang='lat' dir='ltr'><strong>et</strong></span> <span class='ocrx_word' id='word_1_274' title='bbox 1158 2420 1448 2476; x_wconf 78' lang='grc' dir='ltr'><strong>λεπτολογίαν</strong></span> <span class='ocrx_word' id='word_1_275' title='bbox 1477 2419 1548 2459; x_wconf 88' lang='lat' dir='ltr'><strong>ha·</strong></span> 
     </span>
     <span class='ocr_line' id='line_1_33' title="bbox 77 2492 1546 2549; baseline 0.001 -16"><span class='ocrx_word' id='word_1_276' title='bbox 77 2492 183 2534; x_wconf 88' lang='lat' dir='ltr'><strong>bere</strong></span> <span class='ocrx_word' id='word_1_277' title='bbox 212 2495 328 2536; x_wconf 78' lang='lat' dir='ltr'><strong>velit.</strong></span> <span class='ocrx_word' id='word_1_278' title='bbox 360 2493 606 2544; x_wconf 80' lang='lat' dir='ltr'><strong>Neminem,</strong></span> <span class='ocrx_word' id='word_1_279' title='bbox 636 2495 709 2549; x_wconf 85' lang='lat' dir='ltr'><strong>qui</strong></span> <span class='ocrx_word' id='word_1_280' title='bbox 739 2494 959 2534; x_wconf 85' lang='lat' dir='ltr'><strong>historiam</strong></span> <span class='ocrx_word' id='word_1_281' title='bbox 990 2495 1234 2548; x_wconf 76' lang='lat' dir='ltr'><strong>dogmatum</strong></span> <span class='ocrx_word' id='word_1_282' title='bbox 1264 2502 1385 2534; x_wconf 83' lang='lat' dir='ltr'><strong>recte</strong></span> <span class='ocrx_word' id='word_1_283' title='bbox 1416 2502 1546 2545; x_wconf 86' lang='lat' dir='ltr'><strong>tenet,</strong></span> 
     </span>
     <span class='ocr_line' id='line_1_34' title="bbox 80 2566 1547 2623; baseline 0 -16"><span class='ocrx_word' id='word_1_284' title='bbox 80 2574 125 2607; x_wconf 87' lang='lat' dir='ltr'><strong>et</strong></span> <span class='ocrx_word' id='word_1_285' title='bbox 164 2568 265 2623; x_wconf 86' lang='lat' dir='ltr'><strong>quid</strong></span> <span class='ocrx_word' id='word_1_286' title='bbox 304 2569 474 2610; x_wconf 88' lang='lat' dir='ltr'><strong>termini</strong></span> <span class='ocrx_word' id='word_1_287' title='bbox 511 2567 698 2609; x_wconf 89' lang='lat' dir='ltr'><strong>technici</strong></span> <span class='ocrx_word' id='word_1_288' title='bbox 725 2576 769 2608; x_wconf 88' lang='lat' dir='ltr'><strong>et</strong></span> <span class='ocrx_word' id='word_1_289' title='bbox 796 2566 1004 2609; x_wconf 69' lang='lat' dir='ltr'><strong>formulae</strong></span> <span class='ocrx_word' id='word_1_290' title='bbox 1051 2567 1262 2610; x_wconf 86' lang='lat' dir='ltr'><strong>solemnes</strong></span> <span class='ocrx_word' id='word_1_291' title='bbox 1292 2566 1374 2608; x_wconf 88' lang='lat' dir='ltr'><strong>sihi</strong></span> <span class='ocrx_word' id='word_1_292' title='bbox 1401 2567 1547 2621; x_wconf 83' lang='lat' dir='ltr'><strong>velint,</strong></span> 
     </span>
    </p>
   </div>
  </div>
 </body>
</html>
