1773 3032
806 183 1100 228 *116-

229 309 367 351 silium
396 306 449 347 de
479 305 650 347 Joannis
680 303 833 355 caede,
871 303 925 344 de
965 303 1226 345 Judaeorum
1261 303 1421 347 insidiis
1462 313 1506 346 et
1543 305 1678 346 Judae

228 381 471 436 proditione
500 380 697 435 exponit,
726 388 770 420 et
791 375 964 432 ‘'Ade,
993 378 1078 434 qui,
1106 378 1420 433 Prophetarum
1449 380 1677 434 praesagiis

225 452 590 510 perterrefactus,
632 453 830 494 timorem
870 466 991 491 suum
1030 451 1202 505 prodit,
1231 452 1448 504 hortatur,
1477 461 1525 492 ut
1560 452 1674 493 bono

224 529 279 568 sit
308 527 443 567 auimo
473 538 722 580 causamque
752 537 1015 564 communem
1045 523 1243 578 adjuvare
1271 525 1387 565 velit.
1436 524 1531 585 Quo
1561 524 1674 567 facto

222 602 426 642 Diabolus
459 599 500 637 in
531 597 730 637 mundum
758 597 897 648 re‘dit,
926 606 974 637 ut
1005 597 1176 638 Christo
1206 611 1297 636 suas
1326 597 1494 636 insidias
1525 605 1672 638 struat.

219 673 386 715 Invenit
424 671 574 711 Judam
611 678 802 724 paratum
857 672 1078 725 ipsumque
1118 671 1168 710 ad
1204 670 1366 710 facinus
1415 671 1672 723 proditionis

218 744 467 799 patrandum
514 742 730 782 subornat.
800 743 1027 782 Concludit
1078 750 1225 782 auctor
1270 741 1505 782 orationem
1554 756 1670 780 suam

217 816 476 871 apostrophe
507 815 559 854 ad
587 815 833 865 auditores,
873 828 1031 870 eosque
1069 815 1141 869 pie
1184 815 1402 866 hortatur,
1440 823 1488 853 ut
1525 813 1670 853 inobe-

212 887 416 928 dientiam
448 880 732 942 (παρακοήν),
763 887 946 926 omnium
975 887 1180 928 malorum
1209 886 1385 938 fontem,
1419 895 1462 926 et
1492 887 1667 928 Satanae

211 960 436 1001 illecebras
464 959 625 1014 fugiant
652 959 896 1014 firmamque
925 959 1049 999 fidem
1079 970 1345 1001 conservent.

322 1032 474 1073 Oratio
505 1031 688 1072 secunda
716 1032 889 1071 uberius
928 1033 980 1072 de
1005 1034 1257 1086 proditione
1281 1034 1424 1073 Judae
1452 1035 1549 1089 agit.
1582 1035 1667 1075 Sed

209 1105 320 1146 bene
350 1105 497 1145 titulus
526 1119 611 1145 non
642 1103 744 1161 περὶ
771 1106 850 1160 τῆς
879 1103 1135 1162 προδοσίας,
1165 1106 1240 1146 sed
1278 1099 1407 1162 λόγος
1447 1107 1526 1154 εἰς
1564 1101 1666 1162 τήν

207 1176 533 1234 προδοσίαν
562 1178 820 1218 inscribitur.
863 1179 1002 1218 Pauca
1033 1187 1149 1229 sunt,
1181 1193 1286 1234 quae
1318 1178 1492 1219 ducibus
1529 1181 1664 1220 Evan-

208 1252 395 1306 geli'stis,
426 1251 478 1291 de
508 1251 732 1307 proditore
774 1259 926 1291 narrat.
969 1251 1168 1291 Subsistit
1204 1252 1396 1306 inprimis
1424 1254 1479 1300 tin
1523 1251 1665 1293 verbis

205 1327 336 1366 Marc.
366 1325 479 1368 XIV.
508 1322 547 1364 4.
578 1325 618 1366 5.
648 1332 692 1364 et
719 1324 866 1364 Matth.
897 1324 1051 1367 XXVI.
1088 1325 1147 1365 15.
1177 1323 1358 1378 indeque
1389 1325 1515 1365 sumit
1545 1338 1665 1365 occa-

205 1401 383 1449 sionem,
412 1398 456 1437 in
485 1398 755 1452 proditorem
781 1397 1051 1437 declamandi.
1073 1395 1352 1439 Vividissimis
1381 1397 1519 1451 pingit
1551 1397 1664 1436 colo-

203 1473 324 1514 ribus
352 1472 484 1512 Judae
512 1471 882 1524 ingratitudinem,
914 1470 1175 1524 impietatem
1203 1478 1329 1525 atque
1360 1470 1582 1518 insaniam,
1621 1479 1665 1510 et

205 1547 265 1587 ita
295 1545 464 1600 quidcm
494 1544 651 1597 pingit,
680 1552 727 1582 ut
756 1552 958 1596 appareat
976 1573 987 1594 ,
1019 1557 1114 1583 eum
1154 1542 1425 1596 neutiquam,
1462 1544 1659 1596 neglecto

204 1613 350 1675 ἦθικῳ
389 1615 539 1671 μέρει,
583 1628 747 1654 merum
778 1628 905 1670 agere
936 1615 1121 1656 voluisse
1159 1616 1421 1656 Historicum
1452 1625 1523 1658 aut
1549 1618 1660 1656 Poc-

203 1701 317 1744 tam,
346 1691 420 1730 sed
449 1703 544 1730 cum
572 1687 715 1742 potius
748 1696 841 1727 ante
872 1688 1019 1728 oculos
1063 1686 1259 1728 habuisse
1298 1689 1487 1742 regulam
1528 1691 1664 1731 Hora-

205 1764 357 1808 tianam
387 1765 441 1817 (a.
470 1777 511 1816 p.
542 1762 656 1814 333.)
686 1760 819 1799 illam:

424 1836 480 1874 Et
509 1834 722 1873 delectare
752 1840 796 1871 et
825 1831 1032 1885 prodesse
1060 1833 1221 1873 volunt.

313 1910 362 1949 In
407 1907 600 1947 oratione
646 1905 771 1945 tertia
808 1903 923 1944 filum
965 1904 1216 1944 narrationis
1261 1906 1314 1947 (le
1353 1908 1461 1949 Juda
1500 1908 1659 1950 duabus

206 1980 468 2024 orationibus
499 1978 783 2019 continuatum
811 1977 994 2018 absolvit
1023 1978 1078 2031 ⁹⁴²).
1126 1979 1302 2021 Dixerat
1328 1980 1532 2032 Christus,
1548 1992 1660 2024 teste

207 2055 354 2097 Matth.
382 2053 534 2096 XXVI.
565 2053 662 2094 38.:
692 2044 933 2108 περίλυπός
962 2052 1080 2093 ἐστιν
1116 2046 1147 2106 ἠ
1185 2048 1307 2111 ψυχή
1341 2069 1403 2110 με
1442 2059 1520 2103 &mg
1558 2061 1662 2100 θα..

208 2120 333 2171 νὰτθ.
401 2126 521 2165 Haec
558 2123 690 2164 verba
729 2137 780 2162 ex
815 2136 1014 2163 moerore
1053 2123 1108 2163 ob
1149 2126 1280 2165 Judae
1319 2127 1577 2182 impietatem
1616 2141 1662 2174 et

208 2212 389 2256 poenam
416 2196 688 2252 pronuntiata
727 2195 803 2250 (cf.
831 2210 874 2250 p.
910 2202 995 2243 ¹4st
1025 2195 1128 2253 περὶ
1156 2199 1236 2253 τῆς
1265 2199 1406 2242 §necve
1432 2204 1580 2259 ψυχῆς
1605 2204 1659 2246 vt?

209 2265 346 2316 α’θλίε
390 2269 590 2313 ἐλυπεῖτο
636 2266 709 2310 καὶ
746 2260 993 2323 ἠδημόνει,
1036 2267 1106 2310 ὅτι
1145 2263 1383 2325 ἀπόληται)
1428 2273 1660 2325 Diabolus,

211 2338 366 2386 mirum
393 2344 436 2384 in
463 2343 635 2383 modum
664 2342 893 2395 deceptus,
923 2342 980 2382 ita
1009 2341 1338 2396 interpretatur,
1379 2358 1426 2386 ac
1464 2347 1499 2387 si
1544 2347 1663 2389 Chri-

287 2549 326 2595 =')
350 2548 495 2584 Nexum
529 2560 611 2582 cnm
647 2544 815 2583 oratione
849 2549 967 2594 prima
1005 2548 1172 2584 indicant
1207 2560 1358 2596 qnoque
1396 2550 1509 2587 verba
1534 2563 1569 2598 p.
1598 2552 1660 2588 162

349 2610 419 2650 ‘'Ov
442 2611 612 2660 Ἰωάννης
634 2618 692 2651 καὶ
707 2613 745 2651 οἱ
770 2611 965 2660 Προφῆται
989 2613 1107 2659 Herm·
1132 2619 1199 2650 cte.
