1913 3073
635 189 903 233 ,97-

148 312 346 366 Denique
375 322 428 350 cx
456 311 690 350 Assemani
716 308 826 347 Bibl.
858 307 1025 348 Orient.
1057 307 1106 346 T.
1139 307 1190 346 11.
1223 321 1264 360 p.
1286 309 1351 349 28.
1382 307 1504 347 disci-

43 401 159 437 mus,
194 384 308 441 quod
350 384 572 435 Xenajus,
613 382 920 422 celeberrimus
958 381 1199 435 Episcopus
1240 381 1505 435 Mabugensis

43 461 152 514 (sive
182 457 580 511 Hieropolitanus),
626 456 699 511 qui
730 470 751 494 a
783 455 957 494 Graecis
998 456 1274 494 Philoxenus
1318 462 1507 504 vocatur,

45 532 247 585 cujusque
277 530 520 571 versionem
552 530 764 583 Syriacam
797 528 898 568 S.S.
929 527 1004 567 sub
1035 527 1157 567 titulo
1175 527 1507 568 Philoxeniana

43 604 178 643 adhuc
209 603 434 656 habemus,
464 604 719 658 singularem
750 616 864 641 suam
905 601 956 640 de
988 602 1090 640 Jesu
1129 601 1286 641 Christi
1326 614 1509 655 persona

43 678 293 718 sententiam
338 679 386 733 (i.
437 692 472 718 e.
525 677 923 731 Menophysitieam)
972 674 1228 714 testimoniis
1278 674 1509 727 Ephraemi

45 752 165 805 Syri,
199 751 513 804 Chrysostomi,
547 750 694 803 Cyrilli
723 749 998 789 Alexandrini
1032 758 1075 788 et
1105 748 1279 788 Eusebii
1315 749 1512 788 Emeseni

44 825 330 866 roboraverit.
414 825 628 880 Adjicitur
669 832 836 874 autem,
897 821 1138 862 testimonia
1178 819 1355 859 Eusehii
1388 821 1512 859 Eme-

47 900 138 940 seni
169 899 300 940 fuisse
331 897 554 952 desumpta
596 911 648 938 ex
687 896 813 950 hujus
845 896 926 936 viri
959 895 1072 934 libro
1103 895 1156 933 de
1173 894 1300 951 fide;
1331 907 1383 933 ex
1413 894 1514 933 Ho-

49 975 174 1014 mllia,
206 974 257 1013 de
287 976 417 1014 novis
460 970 801 1015 mutationibus;
845 977 889 1008 et
919 981 970 1007 ex
1001 969 1201 1008 Homilia
1243 969 1396 1007 hahita
1436 969 1514 1008 Be-

50 1049 150 1101 ryti.
191 1048 258 1086 En
294 1047 426 1101 igitur
457 1044 604 1085 Nostri
633 1053 722 1084 tres
752 1056 885 1083 novos
915 1049 1133 1092 tractatus,
1164 1055 1346 1095 quorum
1376 1050 1516 1080 tamen

49 1122 186 1160 nullus
219 1127 425 1160 servatus.
482 1119 681 1157 Fortasse
712 1116 821 1156 liber
852 1117 904 1155 de
921 1115 1022 1172 fide
1052 1115 1166 1154 idem
1195 1113 1304 1166 fuit,
1349 1126 1399 1152 ex
1432 1127 1516 1167 quo

50 1194 353 1234 'l'heodoretus
393 1192 561 1246 Dialog.
602 1192 672 1230 ΙΙΙ.
715 1191 798 1230 (1υο
844 1189 1081 1244 fragmenta
1120 1189 1174 1228 de
1213 1190 1315 1229 Jesu
1360 1187 1518 1227 Christi

51 1280 256 1320 persona,
288 1281 309 1305 a
338 1265 460 1305 nobis
490 1280 532 1319 p.
565 1264 744 1311 36—41
779 1262 988 1315 exhibita,
1018 1261 1301 1316 deprompsit.

162 1341 245 1379 Iam
275 1353 380 1380 vero
412 1340 463 1378 ad
491 1340 558 1390 id,
599 1339 651 1378 de
693 1351 777 1392 quo
817 1352 859 1391 p.
899 1336 952 1377 60
978 1333 1103 1375 -63
1146 1336 1335 1389 egimus,
1374 1347 1520 1375 rever-

54 1411 242 1462 tendum,
273 1420 316 1452 et
347 1412 490 1452 verbis
521 1412 601 1451 viri
631 1410 862 1450 doctissimi
892 1411 982 1450 Jox.
1015 1409 1067 1448 de
1095 1409 1365 1461 Eichenfeld,
1400 1409 1519 1463 cujus

56 1487 256 1541 singulari
287 1485 610 1525 benevolentiae
642 1492 685 1523 et
716 1497 842 1523 curae
874 1482 978 1522 haee
1008 1482 1222 1522 debentur
1241 1512 1252 1533 ,
1282 1480 1521 1521 docendum

56 1569 145 1611 est,
173 1569 347 1613 praeter
376 1568 469 1599 tres
504 1560 717 1598 orationes
748 1573 770 1596 a
800 1557 922 1596 nobis
965 1557 1124 1607 editas,
1166 1556 1209 1596 in
1251 1555 1523 1595 Bibliotheca

58 1635 224 1674 Caesar.
280 1632 624 1682 vindobonensi,
666 1632 827 1671 nullum
878 1632 990 1671 aliud
1041 1630 1294 1684 opusculum
1346 1627 1525 1669 Eusebii

57 1707 257 1748 Emeseni
299 1716 459 1747 extare.
545 1708 667 1746 Bona
704 1706 836 1759 igitur
878 1707 1028 1760 optimi
1069 1706 1152 1745 viri
1204 1705 1336 1759 gratia
1388 1712 1525 1744 totum

58 1783 200 1823 locum
237 1780 320 1821 huc
366 1789 658 1835 spectantem,
695 1794 747 1820 ex
787 1781 981 1834 Epistola
1012 1780 1050 1819 d.
1084 1781 1197 1824 XVI.
1237 1782 1333 1820 Jun.
1367 1794 1390 1819 a
1425 1777 1526 1819 1826

61 1857 112 1896 ad
140 1871 216 1897 nos
249 1856 371 1908 data,
403 1855 623 1910 ipsissimis
664 1855 848 1896 auctoris
895 1852 1039 1896 verbis
1078 1852 1315 1893 lectoribus
1357 1852 1527 1899 ‚nostris

63 1943 344 1984 apponamus:

226 2005 348 2054 „Der
379 2003 635 2058 eigentliche
668 2003 822 2043 Zwecli
855 2003 927 2042 «les
970 2001 1316 2057 gegen-w‘eirtigen
1357 1998 1530 2040 Schrei-

119 2075 252 2126 „bens
281 2077 336 2115 ist
365 2074 489 2126 aber,
516 2077 648 2128 jeden
678 2078 904 2130 Ziveffel,
935 2079 1004 2116 als
1038 2078 1087 2115 ol)
1117 2080 1162 2117 in
1194 2076 1272 2115 der
1300 2073 1531 2126 Hos-Bib-

120 2150 311 2197 „liochek
341 2166 425 2191 von
458 2152 541 2191 den
574 2153 766 2193 leffoen
796 2152 872 2191 des
901 2151 1103 2191 Eusebius
1142 2151 1371 2190 Emesenus
1411 2150 1533 2189 melu·

123 2223 413 2272 „vm-handen
441 2231 595 2272 ware,
628 2226 699 2264 als
739 2225 808 2264 die
848 2226 956 2276 clrey
996 2223 1249 2277 geliefertetz
1289 2222 1533 2269 Homilien,

123 2297 357 2349 „gairzzlich
396 2313 446 2338 zu
494 2300 737 2353 beseitz'gen.
814 2300 898 2338 Die
950 2295 1330 2338 Hos-Bibliothek
1378 2291 1536 2333 hesitzt

125 2384 236 2421 „nur
264 2383 382 2424 zwey
412 2371 606 2423 Codices,
625 2372 667 2411 in
698 2373 835 2412 denen
864 2371 1031 2413 XVerlie
1065 2368 1138 2409 des
1169 2364 1380 2408 Eusebius
1411 2368 1537 2406 Eme-

127 2456 284 2494 „senus
313 2444 612 2486 vorhommen:
646 2445 826 2485 niimlich
857 2446 958 2486 Cud.
991 2445 1119 2484 theol.
1141 2445 1213 2482 Gr.
1233 2439 1534 2487 248.Lambec.

124 2517 308 2571 „(jetzt,
352 2518 459 2557 nach
499 2522 670 2571 Nessel,
715 2520 831 2572 307.)
876 2519 960 2556 und
1012 2517 1114 2555 Cod.
1156 2515 1282 2555 theol.
1326 2514 1401 2553 Gr.
1449 2511 1538 2565 175·

126 2592 283 2645 „(jetzt
315 2591 429 2642 284.)
461 2591 663 2630 Ers'terer
693 2586 852 2625 enthfilt
884 2585 992 2634 (qur
1032 2583 1246 2621 Hoinilien
1286 2581 1329 2619 in
1375 2579 1544 2634 folgen-

127 2663 234 2715 „der
264 2665 496 2717 Ordnung:

1233 2725 1262 2768 7
