1773 3032
823 195 1118 239 -122—

240 317 357 355 nicae
401 323 480 356 etc.
510 322 727 355 testantur.
784 316 916 356 Multo
956 316 1084 356 tutius
1122 319 1260 356 autem
1303 316 1386 358 hoc
1417 316 1690 370 Evangelium

239 390 283 428 in
323 389 611 429 testimonium
652 387 844 427 adhiberi
875 397 1043 442 potest,
1074 403 1125 428 ex
1154 403 1237 444 quo
1268 390 1310 428 in
1340 391 1510 429 Birclzii
1541 390 1690 428 Aucta-

237 464 306 501 rio
350 462 494 501 Codic.
534 475 677 515 apocr.
709 462 757 500 N.
790 464 838 501 Τ.
869 462 1033 503 Fabric.
1077 463 1262 503 Havniae
1309 464 1424 509 1804.
1463 465 1501 503 8.
1547 472 1692 502 textus

237 549 419 588 graecus
449 544 569 575 antea
596 534 789 588 ignotuS,
819 536 1079 590 multumque
1117 550 1141 575 a
1176 539 1370 576 versione
1417 536 1541 575 latina
1578 535 1690 589 apud

232 607 478 647 Fabricium
507 607 713 659 diversus,
743 608 917 661 prodiit.

343 700 630 740 Maluissemus
674 701 868 756 quidem,
897 702 1034 741 virum
1064 700 1352 742 doctissimum
1381 701 1589 757 nobisque
1623 716 1688 742 ca-

234 771 445 811 rissimum
473 788 496 812 a
525 773 703 814 consilio
734 788 809 813 suo
828 804 840 827 ,
869 775 921 815 de
951 775 1115 815 edendo
1156 775 1342 815 Eusebio
1391 784 1434 815 et
1466 789 1516 815 ex
1554 776 1691 815 Evan-

235 847 348 900 gelio
390 847 612 888 Nicodemi
659 848 933 899 illustrando,
984 862 1067 889 non
1122 849 1384 890 abstinuisse.
1473 849 1577 888 Cum
1628 857 1688 888 ta-

234 931 332 957 men
375 921 464 960 sine
520 920 650 962 dubio
696 921 837 979 multis
890 921 979 960 aliis
1032 921 1167 977 iisque
1205 922 1458 975 gravissimis
1507 921 1689 975 negotiis

233 990 460 1045 impeditus
499 992 656 1044 fuerit,
705 1007 789 1049 quo
826 994 961 1034 minus
995 995 1116 1041 ,hisce
1173 994 1395 1035 desideriis
1448 993 1691 1034 satisfacere

232 1075 403 1120 posset,
432 1080 509 1105 nos
540 1066 709 1120 quidem
740 1068 874 1106 nostri
912 1066 1045 1108 officii
1076 1082 1167 1108 esse
1200 1069 1459 1122 putavimus,
1489 1075 1690 1123 quantum

232 1139 275 1178 id
303 1139 397 1179 fieri
425 1148 596 1193 posset,
627 1141 678 1180 ad
707 1139 814 1179 lianc
844 1139 1103 1180 harmoniam
1131 1143 1351 1180 attendere
1381 1149 1424 1180 et
1454 1141 1496 1180 in
1517 1141 1689 1196 singulis

232 1213 362 1262 locis,
391 1212 464 1252 ubi
493 1213 726 1252 Emesenus
759 1226 853 1251 cum
890 1213 1113 1252 Nicodemi
1151 1213 1382 1268 Evangelio
1430 1215 1689 1254 concordare

233 1294 277 1326 et
306 1299 358 1325 ex
399 1299 451 1325 eo
494 1285 680 1324 hausisse
722 1285 913 1336 videtur,
953 1285 1047 1325 data
1088 1299 1219 1340 opera
1256 1287 1471 1327 adnotare.
1527 1288 1574 1325 In
1604 1300 1688 1342 quo

233 1359 404 1413 quidem
431 1357 605 1412 negotio
639 1358 698 1397 nil
727 1359 857 1412 magis
888 1359 1103 1409 dolemus,
1142 1374 1264 1413 quam
1315 1359 1431 1414 quod
1458 1358 1579 1399 nobis
1607 1373 1692 1399 non

231 1432 356 1472 liceat
387 1445 634 1486 comparare
665 1446 816 1472 novam
845 1432 968 1486 hujus
997 1431 1246 1486 Apocryphi
1279 1431 1535 1480 editionem,
1567 1446 1690 1486 quam

236 1506 433 1562 promisit
488 1507 541 1549 V.
575 1507 627 1548 V.
670 1506 711 1545 J.
753 1507 797 1545 C.
839 1506 993 1555 Thilo,
1031 1504 1275 1558 Theologus
1330 1504 1440 1557 apud
1489 1504 1691 1543 Halenses

231 1580 677 1634 praestantissimuS‚in
694 1580 851 1619 Notitia
883 1578 1005 1618 uber.
1023 1591 1157 1618 novae
1190 1577 1324 1617 codic.
1345 1589 1489 1630 apocr.
1521 1575 1688 1615 Fabric.

231 1653 453 1705 editionis,
493 1665 599 1708 quae
637 1652 867 1706 praemissa
896 1653 974 1704 {est
1023 1651 1145 1691 Actis
1184 1652 1228 1690 S.
1261 1651 1456 1689 leomae
1494 1648 1692 1702 Apostoli

233 1733 317 1766 etc.
352 1727 468 1780 Lips.
515 1728 629 1768 1823.
661 1726 700 1766 8.
730 1725 782 1766 ab
827 1726 921 1780 ipso
963 1726 1006 1763 in
1037 1725 1175 1764 lucem
1215 1723 1355 1763 editis.
1411 1723 1502 1762 Jam
1529 1735 1582 1762 ex
1612 1734 1690 1770 eo,

233 1797 350 1853 quod
389 1800 455 1839 vir
500 1799 764 1839 doctissimus
805 1806 848 1838 et
891 1796 1168 1836 subactissimi
1215 1796 1374 1851 ingenii
1412 1794 1550 1835 critici
1591 1793 1688 1833 inde

231 1886 254 1910 a
284 1886 325 1924 p.
365 1875 485 1913 XXX
514 1897 566 1904 —
593 1874 679 1912 LII.
719 1872 772 1912 de
814 1872 1044 1926 Evangelio
1093 1870 1347 1921 Nicodcmi,
1389 1869 1506 1908 Actis
1551 1867 1689 1918 Pilati,

232 1944 407 1999 aliisque
468 1946 642 1986 confinis
683 1945 919 2000 argumenti
968 1944 1181 1998 opusculis
1223 1943 1479 1997 disputavit,
1528 1941 1688 1996 optimc

232 2020 394 2073 poterit
435 2019 641 2071 intelligi,
680 2027 882 2074 quantum
929 2017 978 2056 ab
1011 2017 1089 2056 hac
1119 2029 1227 2056 nova
1258 2016 1445 2056 editione
1476 2016 1532 2056 sit
1563 2029 1688 2070 expc-

233 2092 441 2131 ctandum.
471 2091 643 2131 Summo
674 2091 803 2145 igitur
834 2089 1044 2130 desiderio
1075 2102 1164 2129 eam
1196 2097 1457 2143 expetentes,
1482 2090 1526 2129 id
1553 2090 1689 2129 solum

231 2165 493 2218 apponimus,
525 2163 640 2220 quod
669 2174 817 2203 auctor
846 2178 888 2217 p.
918 2164 1053 2205 XLVI
1084 2187 1135 2193 —
1169 2163 1334 2215 XLVII,
1367 2165 1419 2204 dc
1449 2163 1532 2203 hoc
1555 2164 1688 2216 Eyan-

243 2238 356 2291 gelio
386 2238 621 2293 judaizante
671 2237 853 2278 monuit:
907 2237 1047 2288 „Sane
1085 2237 1208 2277 nobis
1247 2249 1431 2292 quoque,
1471 2235 1585 2291 quod
1623 2233 1692 2274 alii

233 2310 500 2360 addubitant,
533 2321 697 2351 certum
725 2313 907 2362 videtur,
924 2312 1196 2365 archetypum
1226 2311 1324 2350 libri
1354 2325 1439 2350 non
1458 2309 1686 2362 Hebraico,

233 2398 372 2440 neque
414 2386 588 2437 Latino,
631 2388 705 2427 sed
751 2388 916 2427 Graeco
958 2400 1153 2427 sermone
1197 2385 1328 2426 fuisse
1378 2384 1686 2438 conscriptun13

232 2458 403 2498 minime
433 2471 536 2498 vero
566 2467 706 2499 textus
737 2459 948 2511 Graecus,
977 2460 1140 2516 qualem
1170 2467 1317 2512 postea
1347 2473 1368 2497 a
1396 2457 1569 2496 Birchio
1603 2455 1689 2495 edi-

233 2539 322 2570 tum
352 2531 575 2582 habemus,
607 2535 775 2572 saeculo
803 2536 952 2587 quirico
984 2532 1198 2587 antiquior
1229 2531 1375 2570 haberi
1407 2537 1561 2584 potest,
1594 2543 1687 2567 cum

234 2612 301 2646 tot
327 2614 493 2662 tamque
525 2606 694 2646 indubia
725 2606 978 2647 Graecitatis
1020 2605 1070 2646 ab
1117 2619 1219 2647 aevo
1267 2603 1557 2645 Theodosiano
1596 2600 1688 2642 sati-
