1773 3032
815 109 869 119 -
925 86 1111 134 142—

236 207 370 267 fugst,
413 206 658 262 doxologias
701 207 1003 250 ecclesiasticas
1060 209 1302 264 saepissime
1343 224 1437 255 esse
1464 206 1690 271 κριτήριον

232 282 316 339 τῆς
348 275 624 337 ὀρθοδοξίας.
695 282 742 322 In
770 282 1062 323 controversia
1092 296 1188 325 cum
1214 286 1483 327 sabellianis
1512 296 1557 328 et
1584 290 1692 329 Ari-

232 356 335 395 anis
377 355 514 408 prima
554 354 747 410 patribus
787 354 881 394 data
919 355 1002 395 fuit
1041 356 1205 396 occasio
1247 356 1487 398 vindicandi
1532 360 1576 400 in
1614 360 1692 404 hae

231 437 358 483 ⁴parte
399 429 631 469 doctrinam
669 436 842 468 rectam.
899 428 1113 468 Probatur
1142 430 1185 470 id
1211 430 1351 471 multis
1383 445 1407 472 e
1436 433 1602 474 saeculo
1633 435 1694 480 IV

234 510 278 542 et
307 503 341 542 V
370 501 650 552 testimoniis,
681 501 795 541 inter·
832 516 938 557 quae
976 504 1104 543 Basil.
1134 505 1190 543 M.
1220 503 1272 543 de
1304 505 1406 558 spir.
1439 506 1483 547 S.
1512 504 1564 546 ad
1594 510 1694 549 Am—

232 574 417 629 philoch.
448 588 482 615 c.
516 577 566 616 25
598 597 648 604 —
678 587 742 629 29.
782 574 1045 616 Theodoret.
1085 576 1181 616 hist.
1223 578 1327 617 eccl.
1371 577 1445 618 lib.
1474 579 1528 622 11.
1557 595 1593 621 c.
1630 595 1692 638 19.

235 657 279 689 et
318 648 543 687 Sozomen.
574 646 615 686 h.
646 661 681 687 e.
714 648 784 687 lib.
825 649 896 690 IV.
937 661 973 687 c.
1018 651 1083 690 28.
1123 662 1227 702 prae
1272 652 1426 691 ceteris
1463 652 1691 694 laudamus.

236 718 299 759 Cf.
330 721 500 761 Suiceri
532 721 737 761 Thesaur.
777 722 928 760 eccles.
959 723 1010 761 Τ.
1040 723 1071 761 Ι.
1102 737 1145 777 p.
1179 725 1254 777 95¹
1286 749 1340 755 —
1367 725 1434 766 52.
1464 734 1508 766 et
1534 727 1692 768 librum
1728 772 1731 774 ,

233 802 448 834 nostrum:
492 795 937 848 Denlcwic'rdigkeiten
986 811 1066 836 aus
1115 797 1193 836 der
1238 798 1328 838 chr.
1378 800 1692 854 Archaeologie

235 866 313 907 Th.
343 869 394 911 V.
423 882 465 921 p.
496 870 546 909 23
577 882 694 923 seqq.

338 940 514 980 Plenior
543 941 612 980 illa
641 942 835 991 formula,
868 955 989 996 quam
1003 943 1160 982 Noster
1190 957 1231 997 p.
1263 944 1316 984 28
1346 945 1492 998 ponite
1520 938 1689 1003 Χάριτι

233 1009 307 1055 καὶ
348 1011 665 1070 φιλανθρωπίᾳ
704 1014 756 1054 τὲ
792 1015 1045 1070 μονογενὲς
1085 1028 1135 1056 σε
1164 1015 1260 1065 υἱεῖ,
1296 1011 1380 1059 σύν
1418 1020 1479 1075 τῷ
1508 1012 1686 1076 α”νοῖρχῳ

233 1079 344 1128 αὖτε-,7
375 1085 509 1142 πατρὶ
540 1084 611 1128 καὶ
640 1087 701 1140 τῷ
729 1084 928 1142 παναγίῳ
958 1084 1029 1128 καὶ
1059 1085 1218 1142 α’γαθῷ
1237 1087 1307 1130 καὶ
1332 1090 1528 1147 ζωοποιῷ
1546 1086 1689 1134 πνεύ·Δ

232 1175 358 1215 ματι,
389 1161 476 1203 νῦν
502 1159 574 1201 καὶ
605 1153 687 1210 ἀεὶ,
718 1158 790 1200 καὶ
816 1161 877 1206 εἰς
900 1159 976 1206 τές
996 1161 1158 1207 αἰῶνας
1179 1162 1266 1203 ταῖν
1284 1156 1472 1215 αἰώνων,
1493 1157 1618 1218 ἁμήν
1636 1183 1690 1196 -m-

232 1249 281 1276 ea
313 1242 400 1286 est,
429 1249 552 1290 quam
581 1234 760 1273 Basilius
798 1235 852 1272 M.
883 1233 936 1273 tle
969 1235 1070 1287 spir.
1101 1249 1133 1274 s.
1165 1248 1202 1276 c.
1233 1237 1298 1277 25.
1338 1237 1512 1293 reliquis
1554 1236 1688 1291 (καὶ,

229 1310 300 1362 ἐν,
330 1307 357 1350 ὃ
367 1325 381 1349 ι
396 1302 444 1362 οὶ)
476 1306 684 1362 praeFert,
704 1321 798 1347 cum
826 1307 929 1346 illud
956 1301 1056 1348 σύν
1087 1307 1223 1362 (quod
1253 1318 1400 1350 contra
1430 1311 1686 1355 Sabellianos

229 1381 517 1422 introductum
566 1380 705 1434 putat)
756 1392 901 1420 veram
949 1387 992 1419 et
1042 1376 1293 1432 perpetuam
1345 1384 1687 1438 conjunctionem

227 1457 478 1510 plenamque
510 1453 639 1492 trium
667 1466 945 1506 personarum
975 1452 1234 1492 divinitatem
1277 1453 1473 1495 involvat.
1531 1457 1576 1494 In
1607 1457 1686 1497 hac

226 1530 357 1585 igitur
385 1534 506 1581 parte
535 1526 777 1580 neutiquam
805 1524 988 1564 faciebat
1014 1537 1154 1579 neque
1185 1538 1279 1565 cum
1310 1526 1580 1578 Sabelli-anis,
1613 1541 1686 1567 ne-

228 1615 310 1658 que
356 1614 451 1641 cum
495 1600 689 1648 Arianis,
732 1597 827 1652 qui,
869 1605 980 1636 teste
1026 1597 1319 1651 Philostorgio
1350 1598 1446 1638 hist.
1477 1600 1580 1640 eccl.
1616 1601 1684 1640 111.

230 1687 318 1726 12.‚
366 1673 615 1714 formulam:
667 1665 772 1719 δόξα
821 1669 954 1725 πατρὶ
1004 1667 1093 1711 dccc*
1131 1670 1247 1720 υἱέ,
1294 1670 1351 1712 ἐν
1395 1664 1580 1725 πνεύμ
1596 1686 1684 1714 ατε

220 1746 360 1805 ίῖγίῳ
393 1747 604 1796 amabant,
637 1753 788 1799 utpote
819 1745 1037 1784 doctrinae
1062 1745 1113 1784 de
1137 1745 1429 1799 inaequalitate
1455 1743 1681 1788 faventem.

224 1820 432 1860 Eusebius
463 1820 592 1873 igitur
609 1849 620 1869 ‚
651 1821 732 1858 etsi
763 1825 953 1858 ceterum
981 1818 1124 1858 Semi·
1142 1818 1334 1869 Arianus‚
1361 1817 1406 1858 in
1436 1832 1515 1858 usu
1542 1827 1682 1858 tamen

222 1893 487 1947 Doxologiae
516 1893 598 1947 jam
626 1900 745 1931 antea
775 1889 979 1930 satisfecit
1020 1891 1194 1931 decreto
1237 1892 1396 1931 Concil.
1443 1892 1682 1932 Constanti-

223 1966 368 2021 nopol.
402 1981 435 2005 a.
465 1967 566 2016 381,
600 1963 715 2020 quod
743 1955 793 2007 ‘co
822 1964 1004 2016 πνεῦμα
1031 1962 1158 2020 ἅγιον
1185 1963 1308 2018 jubet
1334 1964 1395 2006 τιεῖ
1433 1960 1568 2017 πατρὶ
1607 1959 1682 2004 καὶ

223 2040 284 2095 τῷ
334 2038 415 2079 υἱώ
464 2040 1045 2093 συμπροσκυνεῖσθαι
1088 2035 1159 2078 καὶ
1210 2050 1314 2078 συν
1334 2035 1391 2078 ὸ“ο
1409 2035 1572 2092 ξολογ
1590 2052 1609 2077 ε
1627 2043 1680 2077 ῖ-

223 2115 379 2154 offae.
438 2111 503 2151 Ab
547 2112 625 2152 hac
655 2112 785 2166 igitur
814 2119 936 2166 parte
967 2111 1078 2157 nulla
1103 2108 1281 2168 μέμψις
1325 2110 1368 2157 in
1401 2124 1496 2152 eum
1526 2108 1679 2150 cadere

223 2192 405 2238 poterat.
