1867 3053
903 137 1199 184 „104-

317 262 563 315 vituperant
592 270 703 301 artes
734 260 995 310 rhetoricas,
1028 259 1375 311 declamationes,
1416 275 1614 316 pompam
1654 261 1771 302 thea-

316 336 488 385 tralem,
519 343 563 374 et
592 335 901 388 simplieitatem
931 333 1237 385 commendant.
1297 334 1363 373 Nil
1405 350 1512 389 opus
1553 343 1638 386 est,
1679 348 1771 375 rem

314 408 513 463 liquidam
555 409 697 447 multis
739 406 987 448 testimoniis
1026 406 1239 460 probare3
1293 410 1367 447 sed
1407 409 1448 448 id
1502 408 1771 450 solummodo

314 480 437 520 nobis
467 480 644 520 concedi
674 481 894 530 volumus,
934 480 1262 532 Hieronymum,
1303 481 1402 520 dum
1443 482 1655 522 Emeseno
1687 483 1771 521 ele-

313 568 413 608 gans
442 562 485 594 et
513 553 777 592 rhetoricum
807 553 1129 607 ingeniiin17nec
1157 567 1245 592 non
1273 562 1407 593 artem
1429 554 1768 594 declamatoriam

314 628 377 680 (in
408 642 488 682 qua
519 627 607 666 aliis
637 626 877 679 exemplum
914 627 1203 680 proponatur)
1244 627 1481 679 auti-ibuit,
1523 628 1773 681 neutiquam

313 700 424 739 hune
473 707 690 739 oratorem
735 698 930 750 laudare,
977 699 1051 738 sed
1098 700 1240 753 potius
1282 699 1527 754 vituperare
1571 699 1770 740 voluisse.

314 774 418 812 Nam
460 773 494 811 si
531 772 615 812 hoc
644 786 744 823 non,
793 773 917 825 plane
958 786 1044 812 non
1084 773 1165 812 sihi
1206 783 1400 813 constans
1441 781 1484 812 et
1513 782 1660 814 contra
1700 788 1774 813 sua

313 845 522 898 principia
551 846 813 899 impugnans,
844 846 1053 886 laudasset
1083 847 1125 885 in
1157 861 1235 896 eo,
1265 847 1381 901 quod
1410 847 1507 885 alias
1538 847 1580 885 in
1612 860 1771 900 genere

312 927 356 958 et
383 919 552 972 specie,
584 918 776 973 adeoque
806 919 847 958 in
877 919 978 973 ipsis
1006 919 1162 969 amicis,
1184 920 1326 974 quales
1351 919 1613 974 Epiphanius
1647 929 1774 975 atque

313 991 571 1045 Augustinus
600 989 797 1042 fuerunt,
827 992 936 1030 solet
965 991 1222 1045 improbare.

420 1064 506 1103 Sed
539 1063 619 1103 alio
652 1064 788 1103 adhuc
816 1064 969 1115 modo,
1010 1074 1076 1116 et,
1105 1065 1219 1120 quod
1247 1067 1391 1119 ajunt,
1431 1078 1484 1105 ex
1523 1066 1770 1108 inductione

317 1136 546 1186 historica,
573 1137 738 1190 poterit
769 1137 963 1189 suaderi,
994 1152 1116 1192 quam
1147 1153 1296 1191 parum
1324 1139 1608 1192 Hieronymus
1649 1142 1775 1180 Eme-

312 1210 403 1250 seni
447 1209 577 1248 fuerit
613 1208 767 1249 fautor.
822 1210 1030 1249 Nimirum
1070 1210 1112 1249 in
1152 1211 1304 1250 eodem
1342 1212 1454 1252 libro
1497 1227 1532 1252 c.
1579 1225 1666 1268 119.
1717 1212 1771 1252 de

314 1285 518 1325 Diodoro
552 1285 761 1324 Tar-sensi
788 1284 955 1323 scribit:
987 1286 1171 1335 „Extant
1202 1285 1293 1339 ejus
1323 1286 1453 1326 multa
1481 1286 1581 1337 alia,
1611 1285 1663 1325 ad
1690 1286 1777 1324 Eu-

313 1359 421 1399 sebii
462 1359 592 1413 magis
629 1359 827 1397 Emescni
865 1358 1154 1398 characterem
1199 1359 1479 1411 pertinentia,
1519 1360 1638 1414 cujus
1679 1373 1774 1399 cum

314 1446 483 1473 sensum
514 1439 684 1471 secutus
714 1432 780 1482 sit,
806 1432 1092 1486 eloquentiam
1123 1432 1276 1471 imitari
1304 1446 1390 1472 non
1417 1433 1573 1487 potuit,
1594 1442 1777 1488 propter

313 1506 593 1561 ignorantiam
621 1504 898 1544 saecularium
939 1503 1219 1543 litte1·arum.“
1276 1505 1322 1542 In
1368 1504 1433 1544 his
1477 1505 1648 1560 quidem
1691 1506 1778 1545 elo-

314 1580 510 1635 quentiae
551 1578 813 1618 Euscbianae
853 1577 940 1615 laus
953 1590 965 1626 3
1010 1577 1085 1615 sed
1127 1577 1262 1616 innuit
1301 1577 1424 1617 simul
1468 1586 1641 1628 auctor,
1682 1591 1774 1618 eam

315 1670 400 1693 non
430 1666 522 1692 esse
552 1665 656 1691 vere
688 1651 954 1690 christianam
972 1680 983 1699 ‚
1025 1650 1101 1688 sed
1129 1650 1348 1703 profanam
1386 1649 1529 1703 potius
1570 1650 1774 1704 eloquen-

316 1728 427 1767 tiam.
485 1725 613 1785 Quod
642 1724 693 1764 ad
723 1726 1017 1763 characterem
1046 1724 1218 1763 Eusebii
1261 1723 1435 1772 attinet,
1479 1722 1531 1761 de
1561 1722 1773 1776 interpre-

314 1801 474 1842 tatione
509 1798 744 1851 scripturae
775 1810 916 1836 sacrae
940 1805 983 1836 et
1005 1796 1225 1850 principiis
1248 1796 1496 1851 dogmaticis
1519 1796 1623 1836 haec
1643 1795 1775 1838 verba

315 1881 413 1913 sunt
452 1869 744 1923 intelligenda,
786 1869 828 1907 in
868 1869 1019 1924 quibus
1048 1869 1291 1923 neutiquam
1331 1869 1512 1909 faciebat
1547 1882 1642 1909 cum
1669 1870 1776 1909 Dio-

313 1948 449 1995 doro,
481 1944 601 1998 cujus
631 1943 753 1982 simul
784 1943 1006 1982 doctorem
1035 1951 1079 1982 ct
1107 1944 1353 1997 magistrum
1396 1943 1599 1997 increpat.
1656 1943 1773 1983 Idem

314 2031 448 2072 porro
483 2030 519 2057 e.
558 2028 643 2071 129.
674 2015 727 2054 de
751 2017 1145 2068 Jo-Clcrysostomo
1175 2015 1328 2056 habet:
1361 2018 1588 2068 „Joannes
1617 2016 1657 2068 *)
1688 2016 1772 2054 An-

382 2221 419 2265 *)
442 2221 545 2252 Bene
581 2220 624 2252 E.
659 2220 696 2252 S.
735 2220 948 2264 Cyprianus
982 2219 1153 2254 observat
1185 2219 1233 2253 ad
1265 2219 1299 2252 h.
1326 2220 1349 2252 l.
1384 2229 1588 2267 cognomen
1650 2219 1769 2260 Chry-

447 2286 600 2319 soseomi
624 2290 713 2318 tunc
732 2286 907 2330 temporis
931 2285 1095 2318 nondum
1114 2285 1224 2318 fuisse
1251 2290 1398 2324 notum,
1425 2283 1492 2317 sed
1513 2283 1771 2319 inventionem

452 2349 593 2383 saeculi
618 2349 714 2382 sexti
740 2350 801 2384 vel
826 2350 986 2393 septimi.
1039 2349 1149 2394 Apud
1172 2350 1226 2382 Jo.
1253 2349 1444 2382 Moschum
1460 2375 1471 2388 ,
1499 2353 1543 2381 ut.
1567 2353 1676 2394 putat
1702 2349 1773 2392 Cy-

447 2416 598 2462 prianus
616 2441 625 2457 ,
652 2416 811 2461 primum
838 2415 996 2459 legitur3
1025 2415 1090 2448 sed
1113 2415 1185 2458 jam
1207 2416 1244 2447 in
1264 2413 1406 2446 Isidori
1422 2414 1565 2458 Hispal.
1585 2413 1630 2447 dc
1649 2414 1773 2458 script.

454 2482 544 2518 cccl,
569 2494 596 2514 c.
621 2480 654 2519 6.
681 2481 750 2515 hoc
775 2486 1062 2525 cognomentum
1096 2486 1152 2514 cst
1177 2491 1401 2525 expressum.
1429 2479 1472 2513 V.
1502 2489 1597 2525 quae
1625 2478 1771 2511 monui-

449 2558 528 2579 mus
564 2548 601 2579 in
626 2547 722 2580 libro
753 2551 905 2578 nostro:
956 2544 1345 2589 Densiwz'c'1·{l1‘gl=·ez‘terz
1381 2555 1449 2579 aus
1482 2543 1552 2577 der·
1585 2543 1664 2577 chr.
1706 2542 1776 2575 Ar-

455 2612 689 2657 chaeclogie.
739 2611 808 2645 Th.
835 2611 895 2644 VI.
924 2623 956 2656 p.
983 2609 1061 2643 287.
1090 2616 1168 2647 not.
