1773 3032
832 173 1128 219 —110—

351 297 503 351 Neque
543 295 650 335 male
691 294 748 334 ita
790 294 993 348 judicavit
1034 293 1077 334 h.
1117 301 1291 347 auctor,
1340 292 1441 335 dum
1491 293 1705 336 orationes

245 383 382 410 sacras
413 369 609 410 Emeseni
638 368 690 408 ad
718 369 1043 421 ,Mythologiam
1072 369 1360 409 christianam
1403 375 1448 408 et
1486 367 1539 407 ad
1574 383 1709 423 genus

243 444 459 498 poeticum
486 440 688 482 referret.
745 443 894 495 Neque
925 442 1183 482 contrarium
1213 450 1278 482 est
1310 440 1562 494 Hieronymi
1596 441 1707 496 judi-

247 514 381 566 cium,
422 529 506 569 quo
547 526 644 552 eum
685 514 919 553 historiam
957 525 1049 552 esse
1090 521 1282 553 secutum
1309 512 1545 555 affirmavit.
1601 515 1708 554 Nam

245 596 476 643 utrumque
505 600 652 642 genuS,
679 593 722 625 et
749 585 1012 637 historicum,
1047 593 1091 625 et
1117 586 1350 640 poeticum,
1377 587 1519 627 locum
1546 586 1706 626 habere

245 669 415 716 potest3
467 669 512 700 et
553 662 710 700 Noster
749 659 842 713 pari
880 659 1036 711 modo,
1075 668 1123 699 ut
1163 659 1424 711 Aeschylus,
1467 659 1706 714 Sophocles

245 742 375 788 atque
415 731 668 786 Euripides,
706 731 926 771 historiam
965 745 1060 771 cum
1107 733 1233 786 poesi
1291 730 1521 786 conjunxit.
1575 734 1707 773 Mate-

208 829 213 837 ·
245 807 353 847 riam
383 820 436 846 ex
462 805 642 845 historia
670 818 773 846 vera
801 812 846 844 et
873 803 1028 845 biblica
1059 804 1275 859 (adhibitis
1305 818 1477 860 quoque
1501 804 1707 845 narratio-

246 878 372 918 nibus
402 887 521 918 extra
549 877 608 920 IV
636 877 887 931 Evangelia)
916 877 1064 929 sumit,
1109 878 1285 932 ejusque
1315 877 1507 917 ordinem
1536 885 1582 917 et
1609 889 1708 917 con-

245 959 413 992 textum
441 965 526 990 non
543 958 677 990 mutat
687 964 699 1001 3
729 950 772 990 in
799 949 937 990 forma
965 959 1120 1003 autem,
1148 965 1269 990 suum
1289 959 1458 1004 secutus
1478 948 1707 1004 ingenium,

246 1032 425 1064 exornat
453 1023 588 1073 illam,
621 1022 869 1076 imaginihus
901 1023 1105 1074 illustrat,
1135 1032 1180 1064 et
1206 1036 1385 1074 nexum,
1411 1021 1487 1062 ubi
1515 1021 1708 1075 omissus,

249 1109 302 1136 ex
330 1096 502 1149 ingenio
535 1109 611 1135 suo
641 1096 711 1136 vel
740 1109 793 1135 ex
818 1095 1047 1135 traditione
1075 1095 1279 1135 historica
1306 1094 1491 1148 supplet.
1522 1093 1709 1133 Eandem

246 1167 342 1209 fere
371 1168 580 1207 rationem
609 1176 750 1219 tenet,
779 1182 904 1223 quam
931 1167 1312 1222 praestantissimos
1340 1175 1489 1221 poetas
1519 1166 1708 1206 christia·

247 1256 350 1294 nOS,
383 1241 632 1281 Miltonz’um
661 1241 704 1280 in
733 1241 948 1291 Paradiso,
978 1240 1300 1295 Klopstockium
1328 1239 1372 1278 in
1401 1239 1565 1291 Messia,
1597 1240 1708 1278 Tas-

249 1330 395 1357 sonem
433 1315 478 1353 in
515 1314 853 1368 Hierosolymis,
893 1314 1081 1369 aliosque
1118 1314 1273 1354 multos
1309 1321 1476 1353 secutos
1517 1327 1611 1354 esse
1648 1314 1710 1356 vi-

251 1389 412 1429 demus.

357 1461 528 1500 Primus
557 1461 742 1501 omnium
781 1462 950 1501 omnino
987 1462 1031 1502 in
1070 1463 1249 1503 ecclesia
1291 1463 1512 1502 christiana
1550 1463 1710 1504 Noster

250 1533 381 1575 fuisse
409 1535 603 1583 videtur,
635 1534 707 1587 qui
737 1533 819 1574 hoc
849 1547 982 1586 genus
1014 1534 1290 1574 concionandi
1331 1534 1565 1574 introduxit
1594 1544 1636 1575 et
1666 1536 1709 1576 in

248 1607 328 1647 hac
360 1607 606 1661 eloquentia
635 1619 751 1644 sacra
781 1606 981 1660 princeps
1012 1606 1107 1646 fuit.
1171 1608 1291 1645 Hanc
1329 1607 1370 1645 ei
1406 1614 1547 1647 tamen
1586 1622 1708 1662 prae-

248 1680 396 1734 ripere
424 1678 596 1718 videtur
624 1678 801 1730 palmam
843 1679 1081 1734 Gregorius
1119 1679 1589 1730 Neo-caesareensis,
1619 1681 1708 1722 sive

249 1752 587 1804 Thaumaturgus
604 1781 618 1799 ,
649 1750 721 1804 qui
752 1751 920 1805 integro
952 1735 1122 1791 saeculo
1151 1759 1246 1791 ante
1284 1753 1541 1792 Emesenum
1582 1753 1709 1806 (nam

249 1838 284 1864 a.
315 1823 408 1864 265.
439 1823 553 1863 diem
594 1822 700 1864 obiit
738 1823 1003 1876 supremum)
1045 1825 1248 1865 Homilias
1289 1824 1444 1864 nostris
1483 1824 1709 1864 simillimas

249 1896 434 1936 edidisse
466 1895 670 1935 creditur.
730 1896 835 1935 Sunt
865 1896 976 1935 enim
1007 1896 1119 1936 inter
1152 1898 1360 1950 Gregorii
1387 1898 1708 1939 Neo-Caesar.

254 1971 414 2024 Opera.
447 1970 561 2009 Edit.
591 1968 724 2010 Paris.
761 1967 872 2008 1622.
913 1976 1096 2023 quatuor
1137 1971 1367 2022 Homiliae,
1406 1986 1582 2026 quarum
1620 1980 1709 2012 tres

249 2043 302 2084 de
333 2043 680 2084 Annuntiatione
710 2043 754 2081 S.
781 2044 865 2081 Dei
894 2042 1152 2091 Genitricis,
1190 2050 1338 2098 quarta
1363 2051 1503 2083 autem
1543 2043 1587 2085 in
1625 2046 1711 2084 Fe-

253 2126 362 2156 stum
394 2117 436 2155 S.
470 2115 784 2169 leeopkaniae
814 2125 854 2155 et
884 2116 935 2154 de
977 2116 1237 2170 baptismate
1277 2118 1452 2157 Christi.
1506 2117 1555 2157 In
1593 2117 1711 2158 hisce

254 2188 517 2228 orationibus
548 2189 710 2227 drama
750 2189 1040 2228 homileticum
1080 2189 1280 2229 habemus
1293 2202 1305 2241 3
1347 2203 1440 2229 nam
1478 2202 1623 2230 omnes
1663 2203 1710 2230 ac

256 2261 443 2313 singulae
473 2275 707 2314 personae:
738 2263 855 2301 Deus
892 2271 1038 2316 pater,
1081 2262 1297 2314 Christus,
1333 2263 1486 2313 Maria,
1524 2262 1711 2303 Archan-

255 2333 376 2386 gelus
409 2333 580 2373 Gabriel
613 2343 691 2374 etc.
723 2335 949 2389 loquentes
980 2335 1308 2375 introducuntur
1319 2350 1334 2386 ,·
1365 2344 1409 2376 et
1436 2336 1593 2376 Homil.
1637 2336 1709 2380 IV.

256 2404 446 2445 continet
474 2406 699 2460 Dialogum
734 2409 863 2447 *inter
901 2410 1103 2448 Joannem
1146 2410 1402 2463 Baptistam,
1441 2412 1514 2465 qui
1555 2409 1712 2463 baptis-

254 2492 367 2518 mum
407 2493 429 2518 a
465 2479 637 2519 Christo
677 2480 857 2533 petitum
896 2481 1151 2534 deprecatur
1189 2482 1414 2537 multisque
1455 2483 1711 2535 argumentis

255 2553 417 2602 utitur,
460 2552 612 2606 quibus
664 2566 760 2592 eum
789 2552 838 2591 ab
879 2553 962 2592 hoc
1001 2554 1176 2593 consilio
1228 2554 1464 2604 deterreat,
1517 2560 1561 2593 et
1600 2553 1712 2594 inter

258 2622 498 2674 Christum,
525 2624 630 2665 haec
659 2633 904 2679 argumenta
941 2625 1227 2668 confutantem
1263 2634 1307 2667 et
1346 2625 1600 2681 baptismum
1639 2625 1712 2667 ssa-
