1773 3032
646 167 941 213 ...109-

66 293 149 333 arti
178 291 421 346 indulgent,
449 298 616 346 poetae.
672 288 823 329 Solent
852 295 993 328 autem
1032 299 1119 329 non
1159 288 1366 344 singulas,
1407 301 1525 343 sepa·

65 375 175 406 ratas
206 375 248 406 et
293 364 411 420 quasi
458 364 657 418 disjectas
699 361 898 402 historias
938 368 1146 411 tractare,
1184 360 1260 400 sed
1291 362 1524 414 historiae,

67 453 190 494 quam
232 438 467 491 eligendam
518 442 744 491 putarunt,
792 447 959 474 omnem
996 432 1197 472 ambitum
1237 443 1280 474 et
1327 443 1524 474 tenorem

64 523 335 567 proponere,
366 519 409 550 et
437 511 536 549 dum
565 509 616 548 ad
647 507 935 547 antecedentia
965 515 1009 546 et
1048 508 1349 561 consequentia
1389 516 1524 548 atten-

65 585 189 632 dunt,
231 591 368 622 totum
406 590 650 621 contextum
703 580 931 618 illustrare.
1016 579 1201 621 Veteres
1241 579 1440 620 rhetores
1479 588 1524 620 et

63 654 246 695 artifices
299 654 382 695 hoc
418 651 626 693 tractandi
668 665 799 706 genus
838 646 1000 694 κύκλον
1044 646 1319 707 ὃραματικόν
1370 659 1415 692 et
1452 652 1524 692 vel

60 726 286 784 τριλογιάν
315 727 384 768 vel
411 725 701 781 τετραλογίαν
733 722 1012 779 ὃρα,ιιατικ·ἠν
1041 725 1263 775 dixerunt3
1302 733 1345 764 et
1373 737 1520 778 super-

59 809 155 840 sunt
184 800 321 839 adhuc
351 800 474 850 (licet
502 799 625 852 plura
653 798 914 850 interierint)
958 807 1043 838 tam
1071 798 1227 850 multa,
1268 805 1316 836 ut
1353 795 1521 839 firmum

59 871 113 911 de
144 871 221 911 hac
250 884 299 910 re
329 870 503 910 efficere
532 870 740 924 possimus
770 871 986 924 judicium.

166 942 253 983 Sed
281 943 474 983 nolumus
504 942 663 982 (locere
692 956 784 982 rem
810 945 908 984 satis
931 952 1072 984 notam
1094 952 1137 984 et
1158 959 1180 983 a
1199 944 1520 993 Valckenario,

57 1018 234 1070 IIeynio
257 1047 274 1066 ,
331 1017 564 1065 Sclzatzio,
614 1017 910 1066 Hermanno,
966 1018 1235 1065 Blic'mnero,
1291 1017 1520 1056 Welckero

59 1099 211 1130 nostro
242 1089 467 1144 multisque
497 1090 586 1130 aliis
615 1090 719 1132 viris
748 1091 791 1129 in
818 1091 902 1130 hoc
944 1103 1103 1144 genere
1152 1089 1337 1143 egregiis
1384 1089 1518 1129 multo

59 1161 222 1202 doctius
264 1171 308 1202 et
345 1162 521 1215 melius,
561 1178 684 1217 quam
713 1178 736 1203 a
762 1162 885 1202 nobis
923 1162 1018 1203 fieri
1058 1172 1228 1217 posset,
1270 1163 1517 1216 expositam.

56 1233 105 1272 Id
130 1242 291 1274 tantum
322 1248 499 1275 monere
527 1235 747 1287 volumus,
777 1237 981 1276 Nostrum
1010 1235 1289 1289 Tragicorum
1333 1234 1518 1276 Graeco-

56 1321 152 1347 rum
179 1307 390 1362 Trilogias
422 1308 667 1349 dramaticas
696 1318 790 1350 ante
822 1310 970 1350 oculos
999 1308 1193 1348 habuisse
1225 1316 1287 1357 et,
1316 1315 1518 1363 quantum

56 1380 168 1420 ratio
202 1389 328 1435 atque
374 1383 624 1423 oeconomia
663 1382 882 1422 doctrinae
922 1381 1173 1421 christianae
1219 1381 1517 1434 permitteret,

57 1451 262 1493 imitatum
291 1466 398 1494 esse.
454 1456 550 1495 Hoc
580 1464 700 1495 certe
731 1455 891 1494 factum
920 1462 985 1493 est
1014 1453 1056 1491 in
1085 1453 1245 1503 tribus,
1275 1468 1375 1507 quas
1404 1468 1517 1496 nunc

57 1525 112 1566 ad
139 1541 261 1566 usum
289 1536 483 1567 nostrum
510 1536 676 1581 paratas
704 1527 933 1577 habemus,
975 1526 1170 1565 Homiliis
1187 1556 1198 1576 ,
1237 1540 1343 1581 quae
1371 1540 1517 1568 veram

54 1598 280 1655 τριλογίαν
312 1593 593 1655 δραματικήν
632 1598 844 1650 efficiunt,
886 1607 929 1639 et
960 1598 1013 1639 de
1045 1598 1164 1653 cujus
1192 1599 1336 1640 indole
1367 1613 1415 1641 ac
1444 1614 1517 1642 oe-

58 1673 250 1713 conomia
280 1673 406 1727 paulo
437 1682 536 1727 post
566 1687 842 1728 exponemus,

161 1746 523 1801 Ingeniosissimus
553 1757 681 1803 atque
712 1748 977 1788 doctissimus
1005 1750 1061 1790 H.
1078 1752 1116 1790 T
1118 1752 1156 1790 Ιι.
1186 1751 1226 1790 Τ
1223 1752 1516 1803 zschirnerus,

57 1813 81 1862 ὁ
113 1817 373 1876 μακαρίτης,
404 1819 447 1858 ἰη
476 1820 712 1861 Comment.
744 1821 796 1860 de
828 1821 949 1861 claris
991 1823 1195 1864 ecclesiae
1235 1825 1394 1867 veteris
1423 1839 1516 1867 ora-

55 1892 234 1933 toribus,
265 1892 502 1933 Comment.
533 1894 605 1937 VI.
635 1908 678 1947 p.
709 1893 748 1934 6.
782 1893 835 1933 de
869 1896 1062 1935 oratione
1104 1898 1342 1939 Eusebiana
1380 1901 1517 1954 speci·

57 1966 180 2006 minis
208 1967 304 2007 loco
334 1981 369 2007 a.
405 1968 508 2007 1820
538 1982 561 2006 a
588 1966 713 2007 nobis
744 1968 855 2007 edita
884 1969 966 2009 hoc
993 1970 1091 2009 tulit
1128 1971 1353 2025 judicium:
1384 1974 1518 2025 „Ver-

56 2047 171 2078 satur
199 2039 304 2079 haec
340 2039 546 2091 Homilia,
587 2048 734 2080 ornate
775 2041 872 2081 satis
915 2043 1218 2099 eleganterque
1258 2046 1443 2099 scripta,
1471 2048 1516 2088 in

59 2111 334 2165 llffytlzologia
367 2114 616 2153 christiana
645 2121 688 2153 et
715 2115 765 2153 ad
794 2113 839 2152 id
869 2128 999 2168 genus
1030 2117 1240 2169 pertinet,
1283 2118 1399 2173 quod
1428 2133 1515 2160 non

57 2183 322 2225 incommode
362 2188 579 2241 poeticum
616 2187 941 2241 appellarerisf‘
996 2190 1147 2243 Pergit
1188 2190 1341 2231 deinde
1373 2207 1415 2247 p.
1449 2207 1513 2247 7.:

57 2257 150 2306 „En
180 2266 470 2310 argumentum
498 2260 707 2299 Homiliae
749 2260 924 2299 Eusehii
964 2262 1186 2311 Emeseni‚
1228 2277 1318 2303 eam
1345 2267 1516 2318 potissi-

55 2344 168 2368 mum
199 2329 252 2369 ob
284 2344 446 2371 eausam
473 2342 708 2373 memoratu
749 2333 922 2386 dignae,
962 2336 1076 2390 quod
1118 2349 1169 2375 ex
1207 2350 1279 2387 ea,
1316 2347 1514 2393 tempore

57 2402 149 2456 ejus
180 2411 222 2442 et
234 2403 531 2459 Mythologiam
562 2405 829 2447 christianam
850 2407 1108 2448 incrementa
1130 2410 1307 2464 insignia
1333 2412 1514 2465 cepisse,

57 2483 101 2514 et
132 2476 422 2531 eloquentiam
459 2494 635 2519 sacram
667 2482 712 2519 in
738 2496 917 2534 poe-9808
947 2497 1124 2534 GalllpOS
1159 2494 1393 2536 evagataln
1427 2500 1515 2525 CSSC

57 2549 301 2598 interdum,
332 2559 375 2590 et
404 2564 456 2590 ex
485 2552 536 2591 iis
576 2561 846 2606 reportasse,
886 2567 991 2608 quae
1031 2553 1083 2593 ad
1121 2567 1282 2596 meram
1330 2557 1514 2598 delecta-

56 2619 217 2661 tionem
244 2622 502 2664 audientium
529 2614 746 2677 facerent,
779 2626 1074 2681 intelligitur.“
