1773 3032
679 72 979 118 -149-

95 197 228 237 larum
267 196 464 250 Ignatii,
506 195 558 234 de
599 209 679 250 qua
723 208 830 234 nunc
870 196 1052 246 mestus,
1092 210 1215 250 quam
1244 198 1368 248 olim,
1398 197 1554 251 judica-

92 276 163 308 tur
193 269 253 322 ⁴¹).
322 269 475 306 Nostra
522 276 658 306 autem
699 267 833 307 oratio
874 266 927 306 ita
979 277 1220 322 comparata
1270 278 1358 322 est,
1412 279 1460 310 ut
1510 270 1552 309 in

90 340 266 380 historia
304 340 509 379 litteraria
547 339 657 379 haud
695 340 928 395 ignobilem
957 340 1146 381 obtineat
1175 342 1315 381 locum
1346 353 1389 384 et
1423 343 1478 383 ob
1509 343 1553 383 id

91 414 224 454 solum
254 412 377 466 digna
408 413 475 463 sit,
499 413 539 452 in
572 429 694 470 quam
723 414 871 454 harum
901 428 1045 454 rerum
1077 424 1285 455 amatores
1316 424 1358 457 et
1386 417 1549 471 judices

87 485 267 526 animum
297 486 528 526 advertant.

194 580 348 619 Multos
372 587 564 619 veterum
589 587 806 619 oratorum
821 593 1035 621 sacrorum
1053 593 1271 620 sermones
1289 595 1373 621 non
1392 580 1547 621 litteris

85 661 349 705 conceptos,
379 654 482 702 sed,
513 660 560 690 ut
589 651 769 698 dicitur,
800 662 1068 707 exxtcmpore
1097 652 1229 693 fuisse
1260 653 1453 704 habitos,
1496 667 1547 694 ex

88 726 309 780 Origenis,
345 724 545 778 Gregorii
578 726 695 775 Naz„
730 725 1036 778 Chrysostomi,
1067 726 1308 780 Augustini,
1341 726 1546 781 Gregorii

82 802 137 840 M.
183 799 448 854 aliorumque
486 797 664 838 historia
715 799 812 838 satis
858 808 1035 840 constat.
1094 800 1272 854 Saepius
1301 799 1351 839 ab
1384 799 1545 838 audito-

74 873 200 914 'ribus
245 866 506 929 ὀξυγροέφοις
550 871 624 914 καὶ
662 866 965 929 τιιχυγριὶφοις
1005 874 1163 913 calamo
1207 873 1378 926 excepti
1417 880 1543 927 atque

79 948 123 986 in
150 961 249 986 usus
280 960 450 998 eorum,
481 946 554 1002 qui
583 946 651 986 vel
689 947 885 986 concioni
928 959 1070 986 sacrae
1110 960 1196 986 non
1234 945 1542 996 interfuissent,

78 1019 160 1070 vel,
175 1033 281 1075 quae
315 1033 409 1059 cum
439 1020 655 1073 voluptate
685 1018 917 1074 fructuque
948 1018 1219 1069 audivissent,
1240 1019 1366 1059 etiam
1393 1019 1539 1071 legere

77 1093 263 1143 Vellent,
300 1092 504 1147 publicati
548 1101 644 1132 sunt
682 1092 767 1145 **).
836 1093 943 1132 Cum
988 1102 1150 1142 autem,
1194 1100 1242 1132 ut
1278 1092 1375 1132 fieri
1414 1092 1539 1142 solet,

77 1165 286 1219 ejusmodi
316 1165 525 1205 editiones
554 1179 635 1218 pro
667 1173 793 1218 captu
825 1173 867 1204 et
896 1165 1075 1206 arbitrio
1113 1163 1339 1206 scribentis
1369 1164 1537 1218 saepius

77 1246 218 1278 essent
248 1237 429 1277 variatae
458 1238 528 1278 vel
558 1236 845 1288 adulteratae,
876 1237 1010 1278 visum
1040 1246 1106 1278 est
1148 1240 1357 1279 nonnullis
1396 1238 1537 1279 conci-

76 1312 322 1352 onatoribus
350 1312 498 1362 sacris,
531 1311 644 1351 edita
675 1310 752 1351 sub
781 1312 973 1366 ipsorum
1010 1311 1180 1351 nomine
1222 1313 1288 1353 vel
1332 1312 1536 1353 detestari

138 1556 176 1603 *)
203 1556 301 1591 Vide
328 1556 579 1591 doctissimam
603 1559 934 1594 Dissertationem:
960 1559 1128 1595 Versuch
1156 1560 1247 1594 iiber
1266 1559 1326 1593 die
1349 1559 1530 1605 doppelte

205 1624 414 1658 necension
448 1623 514 1656 der
546 1623 670 1657 Briefe
708 1623 770 1657 des
808 1626 973 1669 Ignatius
1010 1636 1083 1659 von
1116 1626 1145 1658 J.
1172 1626 1216 1658 E.
1246 1625 1332 1658 Chr.
1361 1621 1531 1656 Schmidt

210 1690 248 1722 in
272 1689 367 1722 libro
392 1694 607 1722 menstruo:
635 1689 791 1722 Ilenke¹s
816 1690 983 1736 Mugazin
1011 1691 1069 1725 fur
1094 1692 1171 1725 Bel.
1197 1691 1336 1728 Philus.
1360 1690 1469 1733 Exeg.
1495 1700 1529 1722 ιι.

204 1754 492 1799 Kirchengesch.
518 1756 581 1788 111.
612 1756 650 1788 B.
676 1767 710 1800 p.
738 1754 782 1787 91
808 1767 914 1801 seqq.

115 1819 171 1864 ⁰)
199 1821 252 1853 De
286 1821 451 1865 Origene
478 1820 664 1853 videndus
692 1826 748 1854 est
773 1821 908 1855 Euseb.
945 1821 1033 1855 hist.
1059 1821 1149 1855 eccl.
1185 1821 1246 1853 VI.
1281 1832 1309 1853 c.
1342 1819 1398 1854 26.
1436 1821 1529 1854 Gre-

205 1886 340 1931 gorius
376 1886 468 1918 Nax.
503 1885 544 1919 in
581 1887 747 1920 oratione
786 1886 1032 1921 valedictoria
1070 1887 1200 1920 Oratio
1227 1887 1372 1920 XXXII.
1398 1899 1434 1932 p.
1459 1885 1527 1920 583

207 1951 321 1984 dicit:
358 1954 515 1995 χαίρετε,
551 1948 623 1986 τσῖν
654 1950 756 1997 ἐμοιν
789 1949 904 1998 λόγων
942 1951 1089 1998 ἐρασταὶ
1118 1955 1179 1987 καὶ
1205 1949 1335 1997 δρόμοι
1357 1956 1415 1986 καὶ
1442 1965 1528 1986 σιτ-

205 2013 354 2060 δρομαὶ,
391 2020 462 2051 καὶ
491 2015 717 2062 γραφῖδεε
753 2021 948 2062 φανεραὶ
982 2021 1058 2051 καὶ
1094 2015 1430 2055 λανθάνουσαί.
1470 2021 1522 2052 De

203 2079 257 2112 Jo.
288 2080 547 2122 Chrysostomo
577 2082 745 2116 Socrates
772 2083 858 2117 hist.
887 2082 973 2115 eccl.
1004 2083 1070 2115 vl.
1097 2093 1128 2115 c.
1154 2079 1187 2114 4.
1212 2089 1352 2117 narrat:
1383 2084 1528 2121 Ὀποῖοι

201 2142 238 2180 δέ
269 2142 356 2178 εἰσιν
386 2145 423 2179 οἵ
455 2159 493 2181 τε
529 2144 738 2182 ἰκδοθὲντες
768 2144 853 2190 παρ’
894 2143 1004 2181 αὐτοῦ
1035 2145 1136 2193 λόγοι
1156 2177 1165 2192 ,
1205 2155 1264 2184 καὶ
1294 2148 1333 2185 οἶ
1363 2150 1526 2196 λέγοντος

198 2206 306 2244 αὐτοῦ
330 2207 400 2244 timi
423 2209 495 2245 τῶν
519 2209 732 2258 ὀξυγροὶφων
757 2211 1013 2256 ἑκληφθὲντες,
1049 2210 1151 2248 ὅπως
1183 2228 1221 2250 τε
1255 2213 1435 2260 λαμπροὶ,
1468 2221 1527 2252 καὶ

199 2271 240 2308 τό
266 2273 451 2320 ἐπαγωγὸν
476 2276 634 2319 ἔχοντες,
658 2280 696 2311 τί
718 2275 774 2311 δεῖ
796 2275 856 2312 νῦν
876 2277 1010 2322 λέγεινς
1036 2278 1268 2322 Augustinus
1295 2279 1460 2324 (lenique
1484 2281 1524 2314 in

204 2339 258 2373 Ps.
284 2340 339 2373 LI.
367 2353 402 2385 l'·
428 2341 494 2373 201
522 2341 616 2375 haec
649 2342 799 2376 scribit:
838 2344 1005 2384 „Placuit
1040 2344 1236 2387 fratribus,
1269 2357 1342 2377 nnn
1381 2351 1524 2380 tantum

203 2415 292 2439 aure
329 2412 366 2439 et
405 2406 538 2449 eorde,
578 2406 642 2440 sed
680 2413 719 2441 et
753 2409 850 2452 stylo
879 2408 1122 2453 excipienda,
1156 2420 1251 2454 quae
1280 2409 1456 2453 di‹·inu1³;
1484 2416 1527 2444 ut

202 2480 277 2501 non
307 2469 515 2504 auditorem
545 2476 710 2513 tantum,
737 2472 801 2506 sed
829 2478 868 2506 et
902 2473 1079 2506 lectorem
1118 2474 1279 2518 cogitare
1310 2473 1525 2509 debemus-‘⁶

202 2533 258 2568 Cf.
286 2534 473 2579 Binglcam
500 2534 682 2580 Amiqnit.
711 2537 838 2570 mc'es.
867 2538 906 2571 T.
939 2538 1000 2571 VI.
1030 2551 1062 2583 γ.
1092 2537 1156 2572 197
1182 2549 1281 2585 seqq.
