1773 3032
765 155 1064 201 ——114—

187 286 489 327 decollationis
500 282 686 322 Joannis
703 280 742 319 d.
762 279 912 319 XXIX.
928 277 1038 332 Aug.
1051 275 1202 330 agitur,
1223 274 1341 328 cujus
1362 273 1485 328 origo
1507 274 1558 314 ad
1579 275 1634 315 in-

190 359 432 400 ventionem
460 354 608 408 capitis
638 352 806 392 ,Ioannis
835 359 1030 404 tempore
1066 348 1218 388 Juliani
1242 348 1472 400 Apostatae
1511 349 1639 402 (ergo

186 433 312 487 paulo
352 438 452 484 post
491 436 674 468 mortem
711 424 905 476 Eusebii)
944 422 1148 463 refertur.
1186 422 1412 462 Sozomen.
1441 421 1538 461 hist.
1568 421 1640 462 lil.

188 506 280 549 VII.
313 519 350 548 c.
383 510 447 543 21'.
477 501 618 542 Rufini
646 501 687 539 h.
718 512 755 538 e.
786 498 858 538 lib.
890 498 941 538 ΙΙ.
973 510 1010 537 c.
1039 497 1105 538 28.
1133 496 1186 538 V.
1220 503 1422 537 nostrum
1461 494 1640 534 librum:

186 575 629 628 Denkwdrdigkeiten
665 588 746 612 aas
782 574 860 613 der
898 574 986 612 chr.
1024 571 1251 611 Arclzaeol.
1288 568 1368 608 Th.
1407 570 1457 608 ΙΙ.
1487 584 1528 622 p.
1567 567 1640 610 153

190 665 307 706 seqq.
368 651 517 689 Nonne
547 648 678 701 igitur
704 639 955 701 μετάβασις
984 644 1045 691 εἰς
1075 639 1212 686 ἄλλον
1239 635 1392 697 καιρόν
1420 642 1531 695 apud
1559 643 1644 680 Nc·

187 722 353 763 strum?
383 721 496 763 Cave
528 721 696 760 dixeris.
729 720 834 774 Ejus
864 727 1059 772 tempore
1089 726 1316 771 utrumque
1353 714 1510 754 festum
1539 728 1643 754 non-

189 795 288 835 dum
319 794 401 835 fuit
428 794 472 833 in
501 808 604 844 usu,
635 793 827 847 adeoque
862 791 1039 832 ecclesia
1070 790 1286 831 orientalis
1316 789 1389 828 diu
1411 795 1508 842 post
1532 786 1644 827 occi-

188 868 397 908 dentalem
440 866 656 920 recepisse
695 865 877 908 videtur.
954 865 1049 906 Non
1090 872 1208 904 recte
1252 862 1382 918 igitur
1417 862 1565 912 fieret,
1608 857 1644 898 si

186 942 301 997 juxta
330 939 655 982 consuetudines
687 938 897 994 sequioris
929 938 1022 980 aevi
1051 937 1284 993 dijudicare
1314 936 1458 979 velles.

299 1071 406 1111 Cum
435 1070 568 1124 igitur
599 1077 700 1109 tune
729 1069 936 1123 temporis
964 1069 1076 1108 nulla
1108 1077 1220 1110 esset
1265 1068 1451 1108 ordinata
1493 1068 1534 1106 in
1574 1081 1643 1108 ec-

186 1143 314 1184 clesia
344 1143 517 1184 Joannis
547 1143 764 1196 Baptistae
796 1141 1027 1192 festivitas,
1060 1144 1216 1182 Noster
1247 1142 1494 1182 memoriam
1522 1155 1644 1194 prae-

189 1216 376 1256 cursoris
408 1231 460 1257 eo
490 1226 688 1270 tempore
730 1214 945 1264 celebrat,
991 1228 1076 1269 quo
1107 1213 1350 1267 martyrium
1377 1228 1521 1268 passus
1553 1226 1645 1253 cre-

184 1288 392 1339 debatur,
437 1289 465 1328 i.
496 1302 533 1328 e.
581 1298 680 1328 ante
722 1288 909 1327 Pascha.
966 1288 1013 1327 In
1039 1288 1342 1342 Martyrologio
1372 1289 1562 1328 Romano
1592 1287 1646 1328 ad

184 1359 226 1400 d.
259 1374 321 1416 29.
354 1360 533 1414 Augusti
571 1375 614 1414 p.
653 1373 744 1416 229.
775 1361 956 1415 legitur:
998 1361 1268 1412 „Decollatio
1298 1362 1441 1401 Sancti
1470 1361 1642 1400 Joannis

182 1433 422 1486 Baptistae,
452 1448 574 1487 quem
605 1435 806 1474 Ilerodes
837 1437 958 1476 circa
989 1436 1160 1487 festum
1197 1435 1394 1476 Paschae
1431 1436 1646 1475 decollari

180 1508 424 1560 praecepit.-
453 1507 572 1562 cujus
602 1516 737 1547 tamen
767 1509 971 1548 memoria
999 1509 1082 1548 hoc
1112 1509 1180 1548 die
1208 1508 1453 1548 solemniter
1476 1509 1645 1559 colitur,

183 1578 349 1633 quando
393 1579 483 1633 ejus
532 1580 818 1620 venerandum
869 1589 994 1634 caput
1045 1580 1229 1620 secundo
1282 1582 1498 1623 inventum
1542 1582 1643 1622 fuit:

182 1650 300 1705 quod
331 1660 482 1704 postea
510 1654 688 1693 Romam
716 1654 961 1694 translatum
991 1654 1034 1694 in
1067 1656 1246 1696 ecclesia
1278 1656 1320 1694 S.
1362 1656 1566 1708 Sylvestri
1594 1655 1646 1694 ad

182 1723 390 1779 Campum
443 1727 641 1765 Martium
692 1740 850 1766 summa
894 1727 1043 1781 populi
1096 1727 1323 1768 devotione
1362 1731 1645 1768 asservatu1·.“

181 1798 471 1853 Comparanda
502 1812 597 1839 cum
635 1799 699 1840 his
732 1809 847 1851 sunt,
893 1814 999 1856 quae
1040 1803 1109 1841 .Ῑο.
1158 1803 1394 1856 Liglztfoot
1434 1802 1476 1841 in
1515 1801 1646 1842 Horis

182 1869 272 1910 ebr.
303 1886 345 1925 p.
383 1873 468 1913 182.
510 1872 774 1915 observavit:
815 1876 1029 1928 „Tempus
1072 1875 1361 1915 decollationis
1391 1876 1561 1915 Joannis
1591 1876 1644 1914 B.

182 1943 370 1984 elicimus
402 1959 455 1985 ex
482 1947 627 1989 verbis
658 1948 748 1988 istis
777 1949 925 1989 Joann.
958 1949 1045 2000 VL,
1074 1952 1128 1995 4:
1149 1949 1312 1989 aderat
1331 1952 1429 2002 jam
1448 1949 1648 1999 Pascha,

179 2017 258 2058 hac
287 2019 623 2060 ratiocinatione.
680 2020 854 2076 Absque
896 2023 1192 2064 controversia
1243 2024 1444 2064 concludi
1488 2032 1631 2078 potest

179 2089 423 2145 discipulos,
448 2107 572 2147 quam
598 2093 781 2147 primum
809 2095 860 2135 de
889 2103 1029 2135 morte
1058 2096 1247 2151 magistri
1274 2097 1490 2137 audientes
1520 2111 1636 2138 eum-

1587 2171 1649 2224 gi..

186 2237 268 2276 stri
305 2246 551 2290 narrantes,
582 2238 706 2293 eique
746 2240 986 2281 cautionem
1026 2240 1107 2280 isto
1149 2241 1342 2294 exemplo
1381 2241 1647 2294 praebentes,

183 2317 231 2349 ut
259 2308 341 2348 sibi
375 2311 618 2351 consuleret
648 2312 701 2351 de
732 2315 864 2354 salute
893 2329 978 2354 sua.
1045 2317 1107 2366 Is,
1149 2328 1197 2354 re
1228 2315 1386 2364 audita,
1425 2315 1575 2356 transit
1604 2315 1646 2355 in

185 2379 403 2420 desertum
434 2382 712 2435 Betllsaidae,
754 2393 879 2441 atque
910 2387 995 2426 illic
1038 2387 1223 2442 quinque
1262 2386 1478 2426 hominum
1520 2387 1647 2426 millia

181 2453 323 2505 pascit
378 2452 651 2505 miraculose,
691 2470 784 2496 cuni
814 2458 979 2498 adesset
1010 2459 1091 2513 jam
1121 2461 1302 2511 Pascha,
1333 2469 1379 2500 ut
1407 2459 1543 2500 refert
1573 2461 1646 2498 Jo-

185 2538 310 2563 annes
339 2525 557 2565 historiam
589 2527 709 2569 istam
738 2543 1053 2585 recognoscens
1084 2546 1178 2573 cum
1206 2533 1498 2587 EvangelistiS.
1553 2534 1646 2571 De-

184 2175 270 2215 que
301 2164 582 2217 sepelientes,
610 2168 661 2207 ad
702 2166 915 2207 Christum
945 2180 990 2207 se
1029 2169 1278 2218 contulisse,
1319 2169 1492 2208 caedem
1520 2185 1583 2208 ma

185 2601 494 2641 cavitationem
525 2617 626 2655 ergo
657 2604 879 2656 Baptistae
907 2605 1177 2645 arbitramur
1193 2607 1343 2658 fuisse
1376 2606 1510 2660 paulo
1548 2614 1647 2644 ante
