1773 3032
674 86 968 130 ..153-

96 202 178 251 τόν
205 201 454 251 ὑπόλοιπον
484 202 630 263 λόγον.
687 206 969 247 Annuntiatur
997 207 1140 262 itaque
1169 208 1428 248 continuatio
1460 222 1552 247 ora·

102 284 228 324 tionis
259 283 337 323 alio
369 283 436 322 dic
467 282 698 322 habendae.

209 375 434 414 Posterior
464 374 594 428 igitur
623 387 720 428 pars
761 372 958 413 editionis
997 371 1158 426 primae
1196 385 1277 426 pro
1314 385 1421 410 nova
1461 386 1554 412 ora·

100 449 215 489 tione
245 448 392 487 haberi
423 457 588 501 posset,
620 461 702 502 quo
733 445 845 487 facto
878 460 930 486 ex
960 445 1155 501 τριλογίᾳ
1195 453 1338 486 nostra
1378 445 1555 484 homile·

100 522 181 562 tica
209 522 333 561 tieret
360 520 641 577 ίτετραλογία,
675 522 792 575 cujus
823 521 1014 574 exempla
1043 519 1085 559 in
1125 519 1326 557 Dramate
1368 519 1554 557 Graeco·

101 609 195 634 runi
227 604 368 635 extant
398 596 538 634 multa.
596 597 744 634 Posset
775 607 945 648 quoquc
977 592 1154 646 conjici,
1186 591 1285 630 illud
1315 591 1370 632 ἐν
1413 586 1554 648 ἄλλῃ

98 661 274 723 ’ἡμέρᾳ
305 667 524 721 designare
559 666 671 706 diem
701 673 951 721 sequentem
994 666 1094 705 Fer.
1122 664 1212 707 VII.
1247 679 1278 702 s.
1312 664 1553 704 Sabbatum

101 751 315 790 sanctum,
348 740 467 793 cujus
498 740 672 794 propria
702 732 925 786 ’ὑπόθεσις
958 737 1186 778 descensus
1227 737 1385 778 Christi
1415 739 1466 777 ad
1493 739 1554 777 in-

99 812 215 854 feros
248 813 331 853 dici
360 820 516 867 potest.

204 907 275 949 IV.
307 905 434 966 Quod
461 905 512 944 ad
539 904 730 959 priorem
760 904 982 960 utriusque
1023 904 1218 944 editionis
1256 911 1422 958 partem
1462 903 1556 944 atti-

99 989 192 1030 net,
234 978 506 1019 conformitas
547 978 672 1018 realis
718 987 762 1018 et
814 977 994 1019 verbalis
1032 986 1116 1017 tam
1143 977 1364 1017 manifesta
1393 986 1478 1027 est,
1507 986 1555 1017 ut

83 1067 183 1105 „non
227 1065 333 1105 opus
374 1053 429 1090 sit
467 1065 558 1092 eam
588 1051 893 1092 demonstrare.
951 1051 999 1090 In
1029 1064 1188 1105 genere
1218 1051 1389 1105 quidem
1422 1050 1554 1090 editio

99 1126 281 1166 secunda
313 1128 488 1179 epitome
521 1136 557 1165 et
591 1127 802 1165 breviatio
837 1126 1046 1166 editionis
1070 1127 1242 1178 primae
1259 1131 1324 1161 est
1348 1122 1554 1171 habenda;

98 1214 191 1238 nam
220 1200 480 1239 narrationes
514 1200 779 1254 evangelicae
810 1200 861 1240 de
890 1197 1089 1254 σημείοις
1116 1196 1189 1240 καὶ
1215 1191 1366 1252 τεράσι
1399 1195 1556 1236 Christi

102 1279 144 1310 et
173 1272 224 1311 de
257 1273 536 1313 conversione
565 1282 867 1327 peccatorum,
896 1274 938 1312 in
967 1273 1035 1312 illa
1073 1270 1368 1325 amplificatae,
1406 1268 1448 1309 in
1477 1268 1556 1308 hac

99 1347 141 1385 in
170 1345 433 1385 breviculum
464 1355 559 1385 sunt
589 1348 798 1387 redactae.
827 1348 874 1386 In
904 1346 1076 1400 singulis
1106 1354 1244 1385 tamen
1268 1357 1377 1383 nunc
1399 1344 1556 1398 aliquid

98 1418 334 1458 detractum
362 1427 486 1473 atque
520 1419 733 1469 omissum,
763 1432 872 1459 nunc
901 1419 1058 1473 aliquid
1094 1418 1194 1458 novi
1224 1418 1422 1469 additum,
1443 1431 1556 1458 nunc

97 1504 203 1531 vero
234 1492 277 1530 in
305 1491 429 1531 alium
460 1491 652 1531 ordinem
683 1501 726 1532 et
755 1500 1000 1532 contextum
1031 1499 1095 1531 est
1125 1492 1390 1546 dispositum.

204 1583 410 1636 Exemplo
445 1597 538 1623 esse
570 1592 715 1638 potest
744 1585 928 1625 narratio
958 1598 1000 1634 p.
1041 1586 1117 1626 30:
1157 1578 1298 1627 Ἀλλά
1336 1579 1554 1641 ἄρχοντός

97 1669 216 1703 τινος
247 1649 445 1712 &tyci-tvo
476 1681 530 1687 —
557 1682 610 1687 ——
643 1651 784 1712 αὐτήν
813 1652 952 1713 λόγῳ,
981 1673 1088 1712 quae
1118 1658 1161 1697 in
1192 1659 1379 1699 editione
1418 1659 1556 1713 prima

97 1730 375 1770 desideratur.
424 1731 582 1770 Contra
611 1731 787 1771 historia
817 1732 869 1771 de
897 1731 1072 1788 γυναικὶ
1101 1733 1368 1788 αἷμορῤοὲσᾳ
1395 1733 1556 1774 ibidem

97 1811 263 1845 narrata
290 1803 422 1843 multo
453 1804 663 1857 prolixior
691 1813 734 1844 et
764 1806 984 1857 ornatior,
1017 1821 1139 1861 quam
1176 1807 1219 1846 in
1247 1807 1434 1848 editione
1468 1807 1558 1861 pri-

97 1892 163 1916 ma
203 1892 246 1931 p.
292 1891 351 1928 ¹7·
394 1879 632 1930 exponitur.
691 1879 881 1918 Historia
921 1888 1061 1920 autem
1103 1879 1155 1920 de
1196 1882 1410 1920 sanatione
1458 1895 1556 1922 coe·

99 1962 246 1989 corum
276 1949 319 1989 in
349 1950 536 1990 editione
567 1951 746 1990 secunda
774 1967 818 2006 p.
842 1965 906 2009 29.
935 1953 1055 1994 valde
1088 1963 1152 1994 est
1182 1963 1408 1994 coarctata.
1438 1955 1556 2016 Quo-

98 2023 224 2063 modo
267 2033 405 2064 autem
444 2038 525 2063 una
565 2025 796 2080 eademque
828 2028 1013 2067 narratio
1044 2028 1087 2067 in
1119 2028 1292 2083 singulis
1323 2028 1554 2082 discrepet,

97 2097 256 2151 optime
287 2098 424 2138 videri
451 2107 595 2152 potest
626 2112 676 2137 ex
707 2102 1022 2154 comparatione
1053 2116 1094 2156 p.
1132 2119 1190 2156 17·
1221 2112 1264 2143 et
1283 2118 1324 2157 p.
1357 2103 1554 2158 29—30.

98 2169 146 2208 In
193 2170 330 2223 primo
387 2172 482 2210 loco
535 2171 712 2213 dicitur:
794 2173 888 2215 Καὶ
932 2169 1073 2230 εὐροὶν
1124 2169 1363 2218 νεάνισκον
1414 2172 1553 2220 καλὸν

95 2243 309 2298 εἰσῆλθον
359 2246 419 2291 εἰς
458 2244 597 2287 αὐτόν
634 2241 754 2301 μετεὲ
791 2249 880 2289 τοῖν
922 2242 1139 2305 ι’ύπκργιιῖν
1177 2266 1240 2305 με
1280 2250 1353 2292 καὶ
1389 2248 1552 2308 χαίρων

93 2312 241 2373 ᾤκησα
270 2319 317 2359 ἐν
348 2317 477 2360 αὐτῶ.
535 2319 642 2366 ΙῙῶς
671 2319 724 2362 ἐν
756 2322 919 2368 ἐκεῖνος
941 2352 951 2371 ,
990 2322 1039 2363 ἐκ
1080 2322 1206 2374 οἶδα,
1237 2324 1374 2380 ἔγνω,
1403 2320 1552 2379 ἦλθεν

91 2391 206 2441 ἐκεῖ,
261 2390 332 2432 καὶ
384 2390 646 2447 ἐπετιίιιησέν
692 2410 775 2449 μοι
826 2395 1038 2443 ἐξελθεῖν·
1097 2397 1170 2439 καὶ
1224 2396 1414 2446 ἐξελθών
1469 2392 1549 2455 ἐγώ

91 2461 208 2517 festa*
250 2467 339 2506 τοῖν
374 2467 414 2513 ἐξ
456 2461 660 2522 ὐπειργῶν
710 2483 802 2522 με,
843 2469 915 2510 καὶ
951 2470 1017 2525 μή
1062 2466 1203 2525 ειῗριόν
1253 2467 1425 2523 τόπον,
1464 2472 1550 2515 ἄπει

92 2537 337 2589 ἀπελθεῖν,
378 2535 654 2596 παρεκάλεσα
681 2536 843 2594 αὐτόν,
874 2547 948 2587 ἵνα
976 2539 1072 2603 κ’ςῖν
1112 2540 1222 2588 meza*
1262 2548 1350 2589 τῶν
1391 2545 1549 2605 χοίρων
