1773 3032
767 509 841 563 Π.

209 686 465 735 ORATIO
514 688 614 733 DE
657 685 1087 733 PRODITIONE
1129 680 1380 732 JUDAE.

69 918 375 1003 Brevissima
405 959 535 1014 haec,
568 974 675 1016 quae
704 975 747 1016 p.
784 974 832 1003 10
862 984 917 992 —
950 963 998 1007 ¹4
1028 967 1221 1014 prostat,
1269 956 1408 998 oratio
1449 969 1536 996 non

69 1042 135 1074 est
164 1047 295 1084 nova,
326 1034 401 1074 sed
428 1048 545 1074 mera
573 1034 863 1075 antecedentis
894 1033 1097 1073 orationis
1129 1032 1390 1072 continuatio
1423 1029 1534 1085 ejus·

70 1120 154 1163 que
186 1107 303 1162 quasi
331 1122 428 1162 pars
445 1108 595 1149 media.
626 1108 836 1147 Titulum:
866 1101 996 1163 λόγος
1024 1106 1076 1147 τὲ
1104 1099 1214 1148 αὖτέ
1244 1106 1305 1152 εἷς
1323 1097 1407 1162 (τήν
1431 1118 1537 1160 προ-

72 1178 226 1223 δοσίαν
242 1212 257 1231 ,
287 1197 372 1222 non
401 1182 452 1221 ab
482 1191 671 1232 auctore,
702 1180 777 1220 sed
807 1195 830 1220 a
858 1180 1034 1219 librario
1063 1179 1132 1220 vel
1162 1176 1398 1218 collectore
1427 1179 1536 1219 tulit.

69 1257 166 1296 Non
203 1264 367 1295 temere
408 1264 549 1296 autem
589 1254 751 1295 electus
791 1263 877 1303 est,
908 1267 1003 1292 cum
1032 1253 1124 1307 ipse
1157 1260 1307 1292 auctor
1336 1251 1386 1292 ab
1415 1251 1538 1293 initio

73 1328 206 1368 dicat:
247 1326 349 1383 περὶ
387 1329 467 1382 τῆς
509 1326 750 1384 προδοσίας
786 1328 839 1369 τὲ
875 1320 997 1369 'Iastia
1042 1320 1311 1382 α’νιστορήσω
1350 1324 1419 1368 σοὶ
1457 1323 1541 1369 τόν

69 1394 221 1458 λόγον,
252 1415 432 1456 cumque
462 1402 601 1455 ipsum
630 1409 925 1456 argumentum
955 1401 1134 1440 maxime
1164 1401 1208 1439 in
1237 1414 1291 1440 eo
1324 1408 1540 1452 versetur,

72 1483 120 1515 ut
149 1476 374 1526 malitiam,
404 1476 734 1530 perversitatem
764 1484 808 1515 et
834 1475 1047 1515 miseriam
1094 1473 1330 1528 proditoris
1370 1474 1543 1515 vividis-

73 1547 186 1588 simis
217 1548 435 1589 coloribus
467 1548 678 1603 depictam
706 1549 829 1589 nobis
864 1557 960 1589 ante
992 1548 1137 1588 oculos
1167 1556 1310 1605 ponat.

183 1620 417 1661 contextus
461 1636 633 1677 quoque
676 1622 862 1663 ve1balis
908 1623 951 1662 in
993 1635 1046 1662 eo
1092 1620 1312 1671 cernitur,
1352 1619 1469 1675 quod
1497 1621 1544 1662 in

71 1692 155 1735 fine
187 1696 389 1736 orationis
419 1697 581 1751 primae
613 1697 875 1750 apostiophe
910 1695 962 1736 ad
991 1695 1257 1744 auditorem,
1288 1693 1377 1734 sive
1407 1695 1543 1735 lecto-

72 1780 187 1807 rem:
234 1769 391 1823 κτῆσαι
438 1762 492 1811 ἕν
527 1762 758 1824 ΐπακοήν,
808 1785 838 1810 ω
878 1766 1062 1819 τέκνον,
1101 1761 1336 1823 μν7’σθητι
1379 1776 1459 1809 etc.
1500 1769 1545 1809 in

76 1842 222 1883 fronte
254 1842 392 1882 statim
420 1843 558 1884 nostri
587 1844 794 1883 sermonis
824 1851 1073 1898 repetatui.
1102 1843 1243 1898 Δεῦρο
1273 1838 1450 1894 λοιπόν,
1479 1842 1546 1884 υἱὲ

73 1930 138 1972 με
166 1914 366 1973 α’γαπητὲ
396 1914 470 1967 (de
502 1932 586 1973 quo
616 1932 656 1960 v.
693 1919 856 1972 supra).

181 1990 466 2045 Prosequitur
493 1992 664 2046 quidem
696 2000 845 2031 auctor
874 1991 1095 2031 historiam
1126 2004 1303 2047 eamque
1341 1988 1395 2032 ad
1423 2001 1545 2032 teno-

74 2073 168 2101 rem
194 2063 571 2116 Evangelistarum‚
590 2072 633 2103 et
660 2063 712 2103 ad
740 2064 1042 2119 Mythologiam
1071 2078 1156 2104 non
1186 2064 1432 2118 respiciens,
1447 2080 1547 2107 con-

78 2133 238 2185 tinuat3
275 2135 350 2174 sed
390 2136 433 2176 in
478 2137 670 2177 oratione
712 2136 803 2189 ipsa
840 2151 926 2176 non
961 2145 1046 2176 tam
1086 2139 1379 2189 Historicum,
1421 2153 1546 2194 quam

77 2208 221 2262 potius
250 2208 486 2249 Rhetorem
514 2218 558 2250 et
595 2208 887 2265 Παραινέτην
927 2211 1025 2264 agit.
1084 2213 1130 2250 In
1171 2212 1279 2252 Juda
1318 2212 1547 2267 proditore

78 2278 293 2333 subsistit,
336 2282 511 2337 ejusque
551 2285 874 2338 corruptionem
913 2292 1039 2338 atque
1080 2285 1293 2324 miseriam
1332 2285 1545 2339 deplorat.

77 2353 312 2396 Sententiis
341 2357 658 2399 communibus;
692 2351 817 2415 κυριέ
845 2351 1052 2405 θάνατος
1082 2360 1135 2399 τὲ
1162 2352 1306 2414 mique
1349 2352 1548 2401 dva'o-w-

76 2439 177 2478 σιςς
207 2436 274 2468 et:
307 2422 331 2470 ὁ
360 2424 546 2486 σταυρός
577 2431 630 2472 τὲ
658 2425 802 2487 κόσμε
830 2425 1132 2488 φυλακτήριον
1159 2436 1331 2474 ἵσταται
1362 2434 1424 2486 (p.
1462 2432 1545 2485 11.)

79 2501 236 2554 allatis,
278 2503 443 2544 duobus
480 2505 614 2546 Judae
659 2505 797 2546 effatis
837 2507 969 2546 Marc.
1015 2508 1129 2550 XIV.
1169 2510 1209 2552 4.
1242 2506 1281 2546 5.
1313 2514 1357 2546 et
1399 2507 1546 2546 Matth.

78 2573 230 2618 XXVI.
275 2580 336 2622 15.
377 2578 534 2622 diutius
575 2579 790 2634 inhaeret,
835 2587 879 2621 et
920 2588 1072 2636 quanta
1111 2580 1213 2636 ipsis
1245 2588 1289 2621 et
1315 2579 1474 2621 malitia
1503 2589 1547 2621 et
