<?xml version="1.0" encoding="UTF-8"?>
<!DOCTYPE html PUBLIC "-//W3C//DTD XHTML 1.0 Transitional//EN"
    "http://www.w3.org/TR/xhtml1/DTD/xhtml1-transitional.dtd">
<html xmlns="http://www.w3.org/1999/xhtml" xml:lang="en" lang="en">
 <head>
  <title>
</title>
<meta http-equiv="Content-Type" content="text/html;charset=utf-8" />
  <meta name='ocr-system' content='tesseract 3.04.00' />
  <meta name='ocr-capabilities' content='ocr_page ocr_carea ocr_par ocr_line ocrx_word'/>
</head>
<body>
  <div class='ocr_page' id='page_1' title='image "./eusebiiemeseniqu00auguuoft_0197.png"; bbox 0 0 1773 3032; ppageno 0'>
   <div class='ocr_carea' id='block_1_1' title="bbox 705 44 998 86">
    <p class='ocr_par' dir='ltr' id='par_1_1' title="bbox 705 44 998 86">
     <span class='ocr_line' id='line_1_1' title="bbox 705 44 998 86; baseline 0 0"><span class='ocrx_word' id='word_1_1' title='bbox 705 44 998 86; x_wconf 45' lang='lat'>«191-</span> 
     </span>
    </p>
   </div>
   <div class='ocr_carea' id='block_1_2' title="bbox 120 162 1583 803">
    <p class='ocr_par' dir='ltr' id='par_1_2' title="bbox 120 162 1583 803">
     <span class='ocr_line' id='line_1_2' title="bbox 127 162 1578 223; baseline -0.001 -18"><span class='ocrx_word' id='word_1_2' title='bbox 127 167 253 205; x_wconf 73' lang='lat' dir='ltr'><strong>stasit&#39;</strong></span> <span class='ocrx_word' id='word_1_3' title='bbox 302 165 392 204; x_wconf 81' lang='lat' dir='ltr'><strong>Sin.</strong></span> <span class='ocrx_word' id='word_1_4' title='bbox 434 164 607 223; x_wconf 72' lang='lat' dir='ltr'><strong>Quacst.</strong></span> <span class='ocrx_word' id='word_1_5' title='bbox 655 162 739 204; x_wconf 73' lang='lat'><strong>153.</strong></span> <span class='ocrx_word' id='word_1_6' title='bbox 771 171 813 201; x_wconf 81' lang='lat' dir='ltr'><strong>et</strong></span> <span class='ocrx_word' id='word_1_7' title='bbox 861 165 934 202; x_wconf 81' lang='lat' dir='ltr'><strong>Fr.</strong></span> <span class='ocrx_word' id='word_1_8' title='bbox 979 163 1227 218; x_wconf 70' lang='lat' dir='ltr'><strong>Combefisii</strong></span> <span class='ocrx_word' id='word_1_9' title='bbox 1272 164 1439 203; x_wconf 68' lang='lat' dir='ltr'><strong>Auctar.</strong></span> <span class='ocrx_word' id='word_1_10' title='bbox 1483 179 1578 206; x_wconf 90' lang='lat' dir='ltr'><strong>nov.</strong></span> 
     </span>
     <span class='ocr_line' id='line_1_3' title="bbox 126 234 1580 290; baseline -0.001 -12"><span class='ocrx_word' id='word_1_11' title='bbox 126 240 240 278; x_wconf 83' lang='lat' dir='ltr'><strong>Patr.</strong></span> <span class='ocrx_word' id='word_1_12' title='bbox 272 240 322 277; x_wconf 84' lang='lat' dir='ltr'><strong>T.</strong></span> <span class='ocrx_word' id='word_1_13' title='bbox 353 238 382 275; x_wconf 88' lang='lat'><strong>1.</strong></span> <span class='ocrx_word' id='word_1_14' title='bbox 414 252 455 290; x_wconf 84' lang='lat' dir='ltr'><strong>p.</strong></span> <span class='ocrx_word' id='word_1_15' title='bbox 489 240 558 287; x_wconf 68' lang='lat'><strong>781</strong></span> <span class='ocrx_word' id='word_1_16' title='bbox 596 261 647 265; x_wconf 70' lang='lat'>—</span> <span class='ocrx_word' id='word_1_17' title='bbox 679 235 773 287; x_wconf 67' lang='lat'><strong>783.</strong></span> <span class='ocrx_word' id='word_1_18' title='bbox 814 244 910 274; x_wconf 83' lang='lat' dir='ltr'><strong>sunt</strong></span> <span class='ocrx_word' id='word_1_19' title='bbox 947 234 1157 286; x_wconf 76' lang='lat' dir='ltr'><strong>exhibita,</strong></span> <span class='ocrx_word' id='word_1_20' title='bbox 1186 238 1330 290; x_wconf 85' lang='lat' dir='ltr'><strong>plures</strong></span> <span class='ocrx_word' id='word_1_21' title='bbox 1362 238 1453 278; x_wconf 79' lang='lat' dir='ltr'><strong>VV.</strong></span> <span class='ocrx_word' id='word_1_22' title='bbox 1485 238 1580 280; x_wconf 88' lang='lat' dir='ltr'><strong>DD.</strong></span> 
     </span>
     <span class='ocr_line' id='line_1_4' title="bbox 130 309 1583 364; baseline 0.001 -15"><span class='ocrx_word' id='word_1_23' title='bbox 130 309 416 350; x_wconf 84' lang='lat' dir='ltr'><strong>considerant.</strong></span> <span class='ocrx_word' id='word_1_24' title='bbox 446 310 538 348; x_wconf 78' lang='lat' dir='ltr'><strong>Etsi</strong></span> <span class='ocrx_word' id='word_1_25' title='bbox 567 318 706 348; x_wconf 77' lang='lat' dir='ltr'><strong>autem</strong></span> <span class='ocrx_word' id='word_1_26' title='bbox 737 309 933 348; x_wconf 89' lang='lat' dir='ltr'><strong>nonnulla</strong></span> <span class='ocrx_word' id='word_1_27' title='bbox 963 317 1207 362; x_wconf 82' lang='lat' dir='ltr'><strong>argumenta</strong></span> <span class='ocrx_word' id='word_1_28' title='bbox 1237 323 1288 349; x_wconf 85' lang='lat' dir='ltr'><strong>cx</strong></span> <span class='ocrx_word' id='word_1_29' title='bbox 1328 309 1583 364; x_wconf 76' lang='lat' dir='ltr'><strong>interpreta-</strong></span> 
     </span>
     <span class='ocr_line' id='line_1_5' title="bbox 124 382 1580 439; baseline 0.001 -16"><span class='ocrx_word' id='word_1_30' title='bbox 124 384 239 424; x_wconf 85' lang='lat' dir='ltr'><strong>tione</strong></span> <span class='ocrx_word' id='word_1_31' title='bbox 269 383 416 422; x_wconf 86' lang='lat' dir='ltr'><strong>Joann.</strong></span> <span class='ocrx_word' id='word_1_32' title='bbox 448 384 549 432; x_wconf 79' lang='lat' dir='ltr'><strong>XX,</strong></span> <span class='ocrx_word' id='word_1_33' title='bbox 580 384 717 436; x_wconf 60' lang='lat'><strong>3-*7·</strong></span> <span class='ocrx_word' id='word_1_34' title='bbox 754 397 812 437; x_wconf 79' lang='lat'><strong>¹9·</strong></span> <span class='ocrx_word' id='word_1_35' title='bbox 843 396 906 423; x_wconf 76' lang='lat'><strong>20.</strong></span> <span class='ocrx_word' id='word_1_36' title='bbox 938 382 1118 439; x_wconf 85' lang='lat' dir='ltr'><strong>petenda</strong></span> <span class='ocrx_word' id='word_1_37' title='bbox 1134 383 1383 424; x_wconf 81' lang='lat' dir='ltr'><strong>Emesenum</strong></span> <span class='ocrx_word' id='word_1_38' title='bbox 1402 384 1580 424; x_wconf 85' lang='lat' dir='ltr'><strong>suadere</strong></span> 
     </span>
     <span class='ocr_line' id='line_1_6' title="bbox 122 455 1582 513; baseline -0.001 -15"><span class='ocrx_word' id='word_1_39' title='bbox 122 464 298 513; x_wconf 87' lang='lat' dir='ltr'><strong>possent</strong></span> <span class='ocrx_word' id='word_1_40' title='bbox 326 464 565 506; x_wconf 80' lang='lat' dir='ltr'>auctorem,</span> <span class='ocrx_word' id='word_1_41' title='bbox 608 455 792 496; x_wconf 82' lang='lat' dir='ltr'><strong>libenter</strong></span> <span class='ocrx_word' id='word_1_42' title='bbox 821 464 959 496; x_wconf 88' lang='lat' dir='ltr'><strong>tamen</strong></span> <span class='ocrx_word' id='word_1_43' title='bbox 989 456 1200 508; x_wconf 87' lang='lat' dir='ltr'><strong>fatemur,</strong></span> <span class='ocrx_word' id='word_1_44' title='bbox 1230 471 1279 498; x_wconf 85' lang='lat' dir='ltr'><strong>ea</strong></span> <span class='ocrx_word' id='word_1_45' title='bbox 1306 472 1391 498; x_wconf 90' lang='lat' dir='ltr'><strong>non</strong></span> <span class='ocrx_word' id='word_1_46' title='bbox 1422 466 1582 497; x_wconf 77' lang='lat' dir='ltr'><strong>tantum</strong></span> 
     </span>
     <span class='ocr_line' id='line_1_7' title="bbox 121 529 1581 585; baseline -0.001 -15"><span class='ocrx_word' id='word_1_47' title='bbox 121 530 280 571; x_wconf 88' lang='lat' dir='ltr'><strong>habere</strong></span> <span class='ocrx_word' id='word_1_48' title='bbox 309 529 535 583; x_wconf 74' lang='lat' dir='ltr'><strong>ponderi8‚</strong></span> <span class='ocrx_word' id='word_1_49' title='bbox 565 538 611 570; x_wconf 91' lang='lat' dir='ltr'><strong>ut</strong></span> <span class='ocrx_word' id='word_1_50' title='bbox 641 530 911 570; x_wconf 84' lang='lat' dir='ltr'><strong>Caesareensi</strong></span> <span class='ocrx_word' id='word_1_51' title='bbox 941 529 1242 585; x_wconf 78' lang='lat' dir='ltr'><strong>abjudicemus.</strong></span> <span class='ocrx_word' id='word_1_52' title='bbox 1273 534 1466 572; x_wconf 80' lang='lat' dir='ltr'><strong>Attamen</strong></span> <span class='ocrx_word' id='word_1_53' title='bbox 1497 544 1581 570; x_wconf 89' lang='lat' dir='ltr'><strong>non</strong></span> 
     </span>
     <span class='ocr_line' id='line_1_8' title="bbox 122 603 1581 660; baseline 0.002 -18"><span class='ocrx_word' id='word_1_54' title='bbox 122 605 241 658; x_wconf 81' lang='lat' dir='ltr'><strong>piget</strong></span> <span class='ocrx_word' id='word_1_55' title='bbox 272 616 377 653; x_wconf 84' lang='lat' dir='ltr'><strong>nOS,</strong></span> <span class='ocrx_word' id='word_1_56' title='bbox 413 615 460 642; x_wconf 86' lang='lat' dir='ltr'><strong>ea</strong></span> <span class='ocrx_word' id='word_1_57' title='bbox 491 604 757 657; x_wconf 76' lang='lat' dir='ltr'><strong>apposuisse,</strong></span> <span class='ocrx_word' id='word_1_58' title='bbox 787 617 881 643; x_wconf 89' lang='lat' dir='ltr'><strong>cum</strong></span> <span class='ocrx_word' id='word_1_59' title='bbox 910 603 983 655; x_wconf 88' lang='lat' dir='ltr'><strong>iis,</strong></span> <span class='ocrx_word' id='word_1_60' title='bbox 1015 603 1087 660; x_wconf 87' lang='lat' dir='ltr'><strong>qui</strong></span> <span class='ocrx_word' id='word_1_61' title='bbox 1124 604 1167 643; x_wconf 90' lang='lat' dir='ltr'><strong>in</strong></span> <span class='ocrx_word' id='word_1_62' title='bbox 1215 604 1581 659; x_wconf 82' lang='lat' dir='ltr'><strong>disquisitionibus</strong></span> 
     </span>
     <span class='ocr_line' id='line_1_9' title="bbox 121 676 1578 733; baseline 0 -16"><span class='ocrx_word' id='word_1_63' title='bbox 121 677 279 717; x_wconf 90' lang='lat' dir='ltr'><strong>criticis</strong></span> <span class='ocrx_word' id='word_1_64' title='bbox 310 677 543 717; x_wconf 82' lang='lat' dir='ltr'><strong>accuratius</strong></span> <span class='ocrx_word' id='word_1_65' title='bbox 567 676 758 716; x_wconf 74' lang='lat' dir='ltr'><strong>exerceri</strong></span> <span class='ocrx_word' id='word_1_66' title='bbox 776 676 964 730; x_wconf 88' lang='lat' dir='ltr'><strong>cupiunt,</strong></span> <span class='ocrx_word' id='word_1_67' title='bbox 979 677 1159 730; x_wconf 82' lang='lat' dir='ltr'><strong>exempli</strong></span> <span class='ocrx_word' id='word_1_68' title='bbox 1178 677 1429 731; x_wconf 77' lang='lat' dir='ltr'><strong>paratissimi</strong></span> <span class='ocrx_word' id='word_1_69' title='bbox 1453 686 1578 733; x_wconf 77' lang='lat' dir='ltr'><strong>atque</strong></span> 
     </span>
     <span class='ocr_line' id='line_1_10' title="bbox 120 749 894 803; baseline -0.003 -13"><span class='ocrx_word' id='word_1_70' title='bbox 120 750 314 791; x_wconf 82' lang='lat' dir='ltr'><strong>exercitii</strong></span> <span class='ocrx_word' id='word_1_71' title='bbox 355 750 451 790; x_wconf 92' lang='lat' dir='ltr'><strong>loco</strong></span> <span class='ocrx_word' id='word_1_72' title='bbox 480 749 687 791; x_wconf 81' lang='lat' dir='ltr'><strong>inservire</strong></span> <span class='ocrx_word' id='word_1_73' title='bbox 717 750 894 803; x_wconf 80' lang='lat' dir='ltr'><strong>possint.</strong></span> 
     </span>
    </p>
   </div>
   <div class='ocr_carea' id='block_1_3' title="bbox 803 830 883 872">
    <p class='ocr_par' dir='ltr' id='par_1_3' title="bbox 803 830 883 872">
     <span class='ocr_line' id='line_1_11' title="bbox 803 830 883 872; baseline -0.013 0"><span class='ocrx_word' id='word_1_74' title='bbox 803 830 883 872; x_wconf 89' lang='lat' dir='ltr'><strong>IV.</strong></span> 
     </span>
    </p>
   </div>
   <div class='ocr_carea' id='block_1_4' title="bbox 83 911 1581 1848">
    <p class='ocr_par' dir='ltr' id='par_1_4' title="bbox 83 911 1581 1848">
     <span class='ocr_line' id='line_1_12' title="bbox 227 911 1578 968; baseline 0.003 -17"><span class='ocrx_word' id='word_1_75' title='bbox 227 911 480 968; x_wconf 84' lang='lat' dir='ltr'><strong>Fragmenta</strong></span> <span class='ocrx_word' id='word_1_76' title='bbox 519 911 734 967; x_wconf 76' lang='lat' dir='ltr'><strong>exegetica</strong></span> <span class='ocrx_word' id='word_1_77' title='bbox 772 912 816 950; x_wconf 89' lang='lat' dir='ltr'><strong>in</strong></span> <span class='ocrx_word' id='word_1_78' title='bbox 854 913 904 952; x_wconf 90' lang='lat' dir='ltr'><strong>N.</strong></span> <span class='ocrx_word' id='word_1_79' title='bbox 954 913 1002 952; x_wconf 77' lang='lat' dir='ltr'><strong>T.</strong></span> <span class='ocrx_word' id='word_1_80' title='bbox 1044 925 1096 951; x_wconf 80' lang='lat' dir='ltr'><strong>ex</strong></span> <span class='ocrx_word' id='word_1_81' title='bbox 1135 913 1286 955; x_wconf 80' lang='lat' dir='ltr'><strong>Wolfii</strong></span> <span class='ocrx_word' id='word_1_82' title='bbox 1330 914 1578 967; x_wconf 82' lang='lat' dir='ltr'><strong>Anecdotis‚</strong></span> 
     </span>
     <span class='ocr_line' id='line_1_13' title="bbox 119 985 1579 1042; baseline -0.001 -15"><span class='ocrx_word' id='word_1_83' title='bbox 119 987 433 1041; x_wconf 81' lang='lat' dir='ltr'><strong>comparatione</strong></span> <span class='ocrx_word' id='word_1_84' title='bbox 466 1000 560 1027; x_wconf 87' lang='lat' dir='ltr'><strong>cum</strong></span> <span class='ocrx_word' id='word_1_85' title='bbox 592 987 852 1027; x_wconf 87' lang='lat' dir='ltr'><strong>orationibus</strong></span> <span class='ocrx_word' id='word_1_86' title='bbox 883 994 926 1038; x_wconf 63' lang='lat' dir='ltr'><strong>&amp;P</strong></span> <span class='ocrx_word' id='word_1_87' title='bbox 955 985 1201 1042; x_wconf 77' lang='lat' dir='ltr'><strong>fragmentis</strong></span> <span class='ocrx_word' id='word_1_88' title='bbox 1241 985 1488 1040; x_wconf 80' lang='lat' dir='ltr'><strong>dogmaticis</strong></span> <span class='ocrx_word' id='word_1_89' title='bbox 1518 987 1579 1026; x_wconf 84' lang='lat' dir='ltr'><strong>di-</strong></span> 
     </span>
     <span class='ocr_line' id='line_1_14' title="bbox 83 1059 1579 1116; baseline 0.003 -19"><span class='ocrx_word' id='word_1_90' title='bbox 83 1110 89 1114; x_wconf 25' lang='lat'><em>⁴</em></span> <span class='ocrx_word' id='word_1_91' title='bbox 115 1059 302 1114; x_wconf 86' lang='lat' dir='ltr'><strong>ligenter</strong></span> <span class='ocrx_word' id='word_1_92' title='bbox 330 1062 541 1111; x_wconf 89' lang='lat' dir='ltr'><strong>instituta,</strong></span> <span class='ocrx_word' id='word_1_93' title='bbox 576 1062 645 1102; x_wconf 70' lang='lat' dir='ltr'><strong>vix</strong></span> <span class='ocrx_word' id='word_1_94' title='bbox 675 1060 801 1099; x_wconf 84' lang='lat' dir='ltr'><strong>dubia</strong></span> <span class='ocrx_word' id='word_1_95' title='bbox 830 1059 979 1100; x_wconf 87' lang='lat' dir='ltr'><strong>haberi</strong></span> <span class='ocrx_word' id='word_1_96' title='bbox 1021 1067 1212 1114; x_wconf 82' lang='lat' dir='ltr'><strong>possunt.</strong></span> <span class='ocrx_word' id='word_1_97' title='bbox 1253 1061 1579 1116; x_wconf 84' lang='lat' dir='ltr'><strong>Breviloquium</strong></span> 
     </span>
     <span class='ocr_line' id='line_1_15' title="bbox 117 1132 1581 1188; baseline 0.001 -15"><span class='ocrx_word' id='word_1_98' title='bbox 117 1141 236 1173; x_wconf 90' lang='lat' dir='ltr'><strong>certe</strong></span> <span class='ocrx_word' id='word_1_99' title='bbox 267 1134 372 1174; x_wconf 79' lang='lat' dir='ltr'><strong>illud</strong></span> <span class='ocrx_word' id='word_1_100' title='bbox 402 1144 445 1176; x_wconf 89' lang='lat' dir='ltr'><strong>et</strong></span> <span class='ocrx_word' id='word_1_101' title='bbox 474 1135 698 1175; x_wconf 82' lang='lat' dir='ltr'><strong>methodus</strong></span> <span class='ocrx_word' id='word_1_102' title='bbox 728 1134 924 1174; x_wconf 87' lang='lat' dir='ltr'><strong>Zetetica</strong></span> <span class='ocrx_word' id='word_1_103' title='bbox 954 1132 1192 1188; x_wconf 86' lang='lat' dir='ltr'><strong>argumenti</strong></span> <span class='ocrx_word' id='word_1_104' title='bbox 1222 1132 1318 1172; x_wconf 91' lang='lat' dir='ltr'><strong>loco</strong></span> <span class='ocrx_word' id='word_1_105' title='bbox 1350 1146 1443 1173; x_wconf 91' lang='lat' dir='ltr'><strong>esse</strong></span> <span class='ocrx_word' id='word_1_106' title='bbox 1481 1149 1581 1188; x_wconf 87' lang='lat' dir='ltr'><strong>pos-</strong></span> 
     </span>
     <span class='ocr_line' id='line_1_16' title="bbox 116 1206 1578 1261; baseline 0.002 -16"><span class='ocrx_word' id='word_1_107' title='bbox 116 1213 232 1257; x_wconf 88' lang='lat' dir='ltr'><strong>sunt,</strong></span> <span class='ocrx_word' id='word_1_108' title='bbox 275 1206 392 1261; x_wconf 82' lang='lat' dir='ltr'><strong>quod</strong></span> <span class='ocrx_word' id='word_1_109' title='bbox 431 1208 605 1247; x_wconf 89' lang='lat' dir='ltr'><strong>multum</strong></span> <span class='ocrx_word' id='word_1_110' title='bbox 644 1208 829 1257; x_wconf 72' lang='lat' dir='ltr'><strong>valeret,</strong></span> <span class='ocrx_word' id='word_1_111' title='bbox 862 1207 898 1246; x_wconf 89' lang='lat' dir='ltr'><strong>si</strong></span> <span class='ocrx_word' id='word_1_112' title='bbox 946 1207 1070 1247; x_wconf 86' lang='lat' dir='ltr'><strong>etiam</strong></span> <span class='ocrx_word' id='word_1_113' title='bbox 1111 1207 1402 1247; x_wconf 90' lang='lat' dir='ltr'><strong>testimonium</strong></span> <span class='ocrx_word' id='word_1_114' title='bbox 1439 1217 1578 1248; x_wconf 75' lang='lat' dir='ltr'><strong>exter-</strong></span> 
     </span>
     <span class='ocr_line' id='line_1_17' title="bbox 115 1280 1575 1335; baseline 0.001 -15"><span class='ocrx_word' id='word_1_115' title='bbox 115 1295 215 1321; x_wconf 89' lang='lat' dir='ltr'><strong>num</strong></span> <span class='ocrx_word' id='word_1_116' title='bbox 242 1280 469 1321; x_wconf 86' lang='lat' dir='ltr'><strong>accederet</strong></span> <span class='ocrx_word' id='word_1_117' title='bbox 498 1281 667 1320; x_wconf 81' lang='lat' dir='ltr'><strong>nullum.</strong></span> <span class='ocrx_word' id='word_1_118' title='bbox 726 1283 942 1335; x_wconf 75' lang='lat' dir='ltr'><strong>Excerpta</strong></span> <span class='ocrx_word' id='word_1_119' title='bbox 971 1294 1102 1335; x_wconf 87' lang='lat' dir='ltr'><strong>super</strong></span> <span class='ocrx_word' id='word_1_120' title='bbox 1134 1282 1280 1322; x_wconf 87' lang='lat' dir='ltr'><strong>Actor.</strong></span> <span class='ocrx_word' id='word_1_121' title='bbox 1311 1282 1383 1324; x_wconf 88' lang='lat' dir='ltr'><strong>VI.</strong></span> <span class='ocrx_word' id='word_1_122' title='bbox 1416 1294 1479 1322; x_wconf 84' lang='lat'><strong>20.</strong></span> <span class='ocrx_word' id='word_1_123' title='bbox 1511 1294 1575 1322; x_wconf 78' lang='lat'><strong>21.</strong></span> 
     </span>
     <span class='ocr_line' id='line_1_18' title="bbox 112 1355 1576 1409; baseline -0.001 -13"><span class='ocrx_word' id='word_1_124' title='bbox 112 1355 180 1396; x_wconf 79' lang='lat'><strong>31.</strong></span> <span class='ocrx_word' id='word_1_125' title='bbox 211 1368 263 1395; x_wconf 84' lang='lat' dir='ltr'><strong>ex</strong></span> <span class='ocrx_word' id='word_1_126' title='bbox 295 1368 429 1408; x_wconf 88' lang='lat' dir='ltr'><strong>opere</strong></span> <span class='ocrx_word' id='word_1_127' title='bbox 459 1355 680 1409; x_wconf 76' lang='lat' dir='ltr'><strong>exegetico</strong></span> <span class='ocrx_word' id='word_1_128' title='bbox 712 1355 902 1394; x_wconf 85' lang='lat' dir='ltr'><strong>desumta</strong></span> <span class='ocrx_word' id='word_1_129' title='bbox 932 1368 1024 1395; x_wconf 85' lang='lat' dir='ltr'><strong>esse</strong></span> <span class='ocrx_word' id='word_1_130' title='bbox 1060 1355 1254 1395; x_wconf 80' lang='lat' dir='ltr'><strong>videntur</strong></span> <span class='ocrx_word' id='word_1_131' title='bbox 1283 1364 1326 1395; x_wconf 89' lang='lat' dir='ltr'><strong>et</strong></span> <span class='ocrx_word' id='word_1_132' title='bbox 1365 1368 1576 1395; x_wconf 86' lang='lat' dir='ltr'><strong>commen-</strong></span> 
     </span>
     <span class='ocr_line' id='line_1_19' title="bbox 115 1427 1575 1492; baseline 0.003 -26"><span class='ocrx_word' id='word_1_133' title='bbox 115 1428 211 1467; x_wconf 84' lang='lat' dir='ltr'><strong>tarii</strong></span> <span class='ocrx_word' id='word_1_134' title='bbox 239 1427 282 1467; x_wconf 89' lang='lat' dir='ltr'><strong>in</strong></span> <span class='ocrx_word' id='word_1_135' title='bbox 311 1428 422 1469; x_wconf 88' lang='lat' dir='ltr'><strong>hunc</strong></span> <span class='ocrx_word' id='word_1_136' title='bbox 452 1428 606 1469; x_wconf 88' lang='lat' dir='ltr'><strong>librum</strong></span> <span class='ocrx_word' id='word_1_137' title='bbox 636 1430 786 1483; x_wconf 87' lang='lat' dir='ltr'><strong>scripti</strong></span> <span class='ocrx_word' id='word_1_138' title='bbox 816 1430 1005 1483; x_wconf 89' lang='lat' dir='ltr'><strong>speciem</strong></span> <span class='ocrx_word' id='word_1_139' title='bbox 1035 1443 1139 1483; x_wconf 87' lang='lat' dir='ltr'><strong>prae</strong></span> <span class='ocrx_word' id='word_1_140' title='bbox 1170 1443 1215 1469; x_wconf 91' lang='lat' dir='ltr'><strong>se</strong></span> <span class='ocrx_word' id='word_1_141' title='bbox 1247 1430 1413 1474; x_wconf 82' lang='lat' dir='ltr'><strong>ferunt.</strong></span> <span class='ocrx_word' id='word_1_142' title='bbox 1455 1429 1575 1492; x_wconf 76' lang='lat' dir='ltr'><strong>Quae</strong></span> 
     </span>
     <span class='ocr_line' id='line_1_20' title="bbox 117 1502 1575 1556; baseline 0.001 -14"><span class='ocrx_word' id='word_1_143' title='bbox 117 1514 219 1542; x_wconf 85' lang='lat' dir='ltr'><strong>vero</strong></span> <span class='ocrx_word' id='word_1_144' title='bbox 261 1515 393 1556; x_wconf 82' lang='lat' dir='ltr'><strong>super</strong></span> <span class='ocrx_word' id='word_1_145' title='bbox 422 1504 447 1541; x_wconf 88' lang='lat'><strong>2</strong></span> <span class='ocrx_word' id='word_1_146' title='bbox 477 1503 676 1554; x_wconf 40' lang='lat' dir='ltr'><strong>Petrssll.</strong></span> <span class='ocrx_word' id='word_1_147' title='bbox 723 1504 782 1542; x_wconf 82' lang='lat'><strong>18.</strong></span> <span class='ocrx_word' id='word_1_148' title='bbox 823 1502 985 1555; x_wconf 83' lang='lat' dir='ltr'><strong>adjecta</strong></span> <span class='ocrx_word' id='word_1_149' title='bbox 1025 1512 1145 1552; x_wconf 81' lang='lat' dir='ltr'><strong>sunt,</strong></span> <span class='ocrx_word' id='word_1_150' title='bbox 1191 1503 1402 1555; x_wconf 90' lang='lat' dir='ltr'><strong>colorem,</strong></span> <span class='ocrx_word' id='word_1_151' title='bbox 1441 1512 1489 1543; x_wconf 87' lang='lat' dir='ltr'><strong>ut</strong></span> <span class='ocrx_word' id='word_1_152' title='bbox 1518 1505 1575 1544; x_wconf 75' lang='lat' dir='ltr'><strong>ita</strong></span> 
     </span>
     <span class='ocr_line' id='line_1_21' title="bbox 114 1573 1572 1629; baseline 0.002 -17"><span class='ocrx_word' id='word_1_153' title='bbox 114 1573 271 1623; x_wconf 87' lang='lat' dir='ltr'><strong>dicam,</strong></span> <span class='ocrx_word' id='word_1_154' title='bbox 301 1574 589 1615; x_wconf 87' lang='lat' dir='ltr'><strong>homileticum</strong></span> <span class='ocrx_word' id='word_1_155' title='bbox 618 1588 773 1628; x_wconf 81' lang='lat' dir='ltr'><strong>gerere</strong></span> <span class='ocrx_word' id='word_1_156' title='bbox 792 1605 802 1623; x_wconf 86' lang='lat'>‚</span> <span class='ocrx_word' id='word_1_157' title='bbox 832 1583 875 1614; x_wconf 87' lang='lat' dir='ltr'><strong>et</strong></span> <span class='ocrx_word' id='word_1_158' title='bbox 917 1575 1121 1614; x_wconf 87' lang='lat' dir='ltr'><strong>orationis</strong></span> <span class='ocrx_word' id='word_1_159' title='bbox 1161 1575 1380 1628; x_wconf 87' lang='lat' dir='ltr'><strong>cujusdam</strong></span> <span class='ocrx_word' id='word_1_160' title='bbox 1419 1577 1572 1629; x_wconf 84' lang='lat' dir='ltr'><strong>deper-</strong></span> 
     </span>
     <span class='ocr_line' id='line_1_22' title="bbox 114 1642 1571 1705; baseline 0.005 -19"><span class='ocrx_word' id='word_1_161' title='bbox 114 1646 226 1687; x_wconf 83' lang='lat' dir='ltr'><strong>ditae</strong></span> <span class='ocrx_word' id='word_1_162' title='bbox 255 1662 353 1701; x_wconf 84' lang='lat' dir='ltr'><strong>pars</strong></span> <span class='ocrx_word' id='word_1_163' title='bbox 382 1647 513 1687; x_wconf 88' lang='lat' dir='ltr'><strong>fuisse</strong></span> <span class='ocrx_word' id='word_1_164' title='bbox 547 1648 752 1687; x_wconf 75' lang='lat' dir='ltr'><strong>videntur.</strong></span> <span class='ocrx_word' id='word_1_165' title='bbox 787 1648 927 1689; x_wconf 82' lang='lat' dir='ltr'><strong>Verba</strong></span> <span class='ocrx_word' id='word_1_166' title='bbox 961 1662 1157 1703; x_wconf 85' lang='lat' dir='ltr'><strong>quoque:</strong></span> <span class='ocrx_word' id='word_1_167' title='bbox 1196 1642 1351 1705; x_wconf 73' lang='grc' dir='ltr'><em>διόπερ</em></span> <span class='ocrx_word' id='word_1_168' title='bbox 1382 1643 1408 1690; x_wconf 80' lang='lat' dir='ltr'><strong>o‘</strong></span> <span class='ocrx_word' id='word_1_169' title='bbox 1434 1644 1571 1693; x_wconf 71' lang='lat' dir='ltr'><strong>&#39;Ano&#39;-</strong></span> 
     </span>
     <span class='ocr_line' id='line_1_23' title="bbox 111 1721 1568 1779; baseline 0 -16"><span class='ocrx_word' id='word_1_170' title='bbox 111 1721 265 1768; x_wconf 80' lang='grc' dir='ltr'><em>στολος</em></span> <span class='ocrx_word' id='word_1_171' title='bbox 297 1737 430 1777; x_wconf 78' lang='grc' dir='ltr'><em>φησιν</em></span> <span class='ocrx_word' id='word_1_172' title='bbox 459 1723 505 1763; x_wconf 80' lang='grc' dir='ltr'><strong>ἐν</strong></span> <span class='ocrx_word' id='word_1_173' title='bbox 535 1722 590 1779; x_wconf 81' lang='grc' dir='ltr'><strong>τῇ</strong></span> <span class='ocrx_word' id='word_1_174' title='bbox 620 1721 841 1778; x_wconf 76' lang='grc' dir='ltr'><em>καθολικῇ</em></span> <span class='ocrx_word' id='word_1_175' title='bbox 869 1722 1160 1778; x_wconf 84' lang='lat' dir='ltr'><strong>allegationem</strong></span> <span class='ocrx_word' id='word_1_176' title='bbox 1191 1726 1331 1778; x_wconf 83' lang='lat' dir='ltr'><strong>potius</strong></span> <span class='ocrx_word' id='word_1_177' title='bbox 1372 1726 1568 1774; x_wconf 74' lang='lat' dir='ltr'><strong>oratoris,</strong></span> 
     </span>
     <span class='ocr_line' id='line_1_24' title="bbox 112 1794 1116 1848; baseline 0.005 -16"><span class='ocrx_word' id='word_1_178' title='bbox 112 1807 235 1848; x_wconf 84' lang='lat' dir='ltr'><strong>quam</strong></span> <span class='ocrx_word' id='word_1_179' title='bbox 263 1794 520 1836; x_wconf 88' lang='lat' dir='ltr'><strong>locutionem</strong></span> <span class='ocrx_word' id='word_1_180' title='bbox 549 1796 891 1839; x_wconf 79' lang='lat' dir='ltr'><strong>commentatoris</strong></span> <span class='ocrx_word' id='word_1_181' title='bbox 920 1796 1116 1837; x_wconf 85' lang='lat' dir='ltr'><strong>indicant.</strong></span> 
     </span>
    </p>
   </div>
  </div>
 </body>
</html>
