1773 3032
814 87 1109 132 *156-

228 209 312 264 jam
359 207 678 248 centuriatores
726 207 1001 262 Magdeburg.
1060 207 1181 246 Cent.
1227 207 1298 250 IV.
1336 221 1379 261 p.
1424 218 1511 262 192.
1549 206 1679 248 'recte

227 289 496 321 monuerunt.
554 281 599 319 Si
627 282 757 335 igitur
787 288 936 318 auctor
975 281 1201 334 genuinum
1240 279 1470 319 Eusebium
1507 281 1680 320 Emese-

227 367 328 393 num
356 355 569 408 cognitum
596 352 826 401 habuisset,
848 351 974 406 fique,
998 361 1044 392 ut
1075 367 1152 406 par
1181 361 1255 403 est,
1283 346 1450 407 τρόπον
1478 349 1680 398 παιδείας

228 423 279 465 ab
307 425 397 480 ipsa
435 427 624 466 doctrina
662 425 940 476 distinxisset,
972 439 1068 465 eum
1099 425 1186 464 sine
1228 425 1355 465 dubio
1399 427 1510 466 inter
1547 434 1679 466 testes

227 499 416 539 veritatis
445 499 673 538 retulisset.
727 500 833 538 Post
860 500 1212 538 Dietelmaierum
1246 499 1297 538 de
1329 499 1574 553 exponenda
1603 499 1681 538 hac

225 571 403 611 historia
451 585 554 625 prae
605 571 758 612 ceteris
799 581 1048 611 meruerunt
1087 574 1128 613 J.
1157 574 1200 613 S.
1230 575 1394 613 semler
1433 578 1476 611 in
1512 572 1678 613 libello:
1703 563 1714 576 ⁴

229 642 454 685 observat.
482 644 577 684 hist.
607 644 789 697 dogmat.
818 644 869 683 de
898 645 1015 684 vario
1047 654 1090 685 et
1132 645 1282 699 impari
1325 646 1462 686 studio
1505 653 1608 685 vett.
1638 642 1681 682 in

225 716 451 756 recolenda
479 717 654 756 historia
694 717 918 757 descensus
963 716 1065 758 Chr.
1096 733 1131 757 a.
1161 719 1187 758 i.
1219 719 1311 758 Hal.
1349 720 1462 772 ¹775·
1491 721 1530 763 4.
1559 717 1600 756 J.
1632 716 1677 756 C.

229 790 446 830 Volborth
476 790 518 830 in
550 789 785 829 Comment.
817 799 1017 844 qnantum
1059 804 1184 837 error
1234 791 1488 844 Apollinaris
1533 798 1679 830 contu-

225 862 352 913 lerit,
381 871 428 902 ut
456 863 614 916 dogma
643 863 697 902 de
729 863 839 903 desc.
886 864 985 904 Chr.
1016 879 1049 903 a.
1081 864 1107 903 i.
1138 864 1333 917 symbolis
1376 864 1475 904 fidei
1521 864 1681 902 insere-

227 945 362 976 retur.
393 937 583 977 Brunov.
619 938 734 991 1795.
764 938 803 976 8.
833 946 876 976 et
907 938 1092 977 Clausen
1122 938 1326 991 dogmatis
1356 939 1409 977 de
1439 937 1551 978 desc.
1581 935 1680 974 Chr.

226 1022 261 1047 a.
291 1007 318 1046 i.
347 1008 523 1049 historia
559 1009 712 1049 biblica
754 1018 797 1048 et
837 1011 1130 1050 ecclesiastica.
1161 1012 1347 1052 Havniae
1384 1011 1499 1052 1801.
1529 1011 1568 1050 8.
1623 1007 1682 1046 Hi

227 1095 400 1132 omnes,
430 1092 478 1123 ut
508 1097 591 1122 non
621 1082 742 1122 aliter
772 1082 866 1122 {ieri
895 1092 1066 1136 poterat
1085 1113 1096 1133 ,
1127 1084 1328 1123 Nostrum
1356 1083 1616 1137 ignorarunt.

332 1154 480 1195 Omnis
511 1164 661 1205 autem,
692 1155 727 1194 si
754 1163 874 1195 recte
911 1170 1003 1195 rem
1038 1156 1333 1209 perspicimus,
1363 1163 1406 1195 et
1434 1154 1680 1209 principalis

227 1228 338 1268 circa
366 1229 471 1268 hanc
503 1230 739 1268 doctrinam
769 1242 893 1268 error
922 1229 964 1267 in
995 1242 1046 1268 eo
1079 1229 1292 1281 consistit,
1322 1228 1438 1283 quod
1466 1229 1681 1278 doctores,

225 1302 512 1355 praejudicata
541 1301 740 1355 opinione
771 1301 970 1353 Symbolo
1001 1301 1249 1354 Apostolico
1279 1301 1569 1351 inhaerentes,
1613 1301 1681 1340 vel

224 1387 374 1414 verum
403 1384 446 1415 et
476 1375 659 1415 localem
692 1374 940 1414 descensum
969 1383 1191 1428 negantes,
1221 1388 1305 1413 non
1335 1375 1414 1413 nisi
1455 1376 1681 1430 meta-pho-

225 1449 362 1487 ricum
397 1457 658 1498 statuerent3
699 1448 795 1498 vel,
845 1446 944 1486 falsa
988 1447 1342 1500 interpretatione
1381 1447 1465 1487 loci
1499 1465 1514 1487 1
1558 1450 1677 1488 Petr.

224 1521 294 1561 111.
330 1535 389 1575 ¹9·
422 1522 534 1562 ducti
563 1530 605 1561 et
636 1530 784 1561 contra
813 1535 978 1561 omnem
999 1521 1225 1573 analogiam
1249 1520 1348 1559 fidei
1374 1530 1418 1561 et
1440 1522 1676 1575 scripturae

225 1593 397 1633 Christo
446 1595 557 1649 apud
594 1594 755 1634 inferos
798 1610 949 1634 munus
990 1594 1368 1649 praedicator-ium
1408 1595 1676 1645 tribuerent3

224 1667 295 1706 vel
334 1668 535 1723 denique,
576 1669 690 1723 quod
729 1683 814 1708 non
859 1667 994 1707 minus
1035 1681 1130 1707 cum
1166 1667 1351 1720 analogia
1376 1666 1476 1707 fidei
1503 1675 1675 1721 pugnat,

225 1739 442 1780 Christum
488 1742 599 1796 apud
642 1741 802 1781 inferos
832 1756 1001 1796 poenas
1039 1751 1076 1781 ec
1116 1741 1330 1781 cruciatus
1366 1740 1676 1780 damnatorum

221 1813 452 1866 pertulisse
482 1814 685 1854 docerent
713 1815 765 1868 ³³).

299 2016 338 2061 ⁴¹)
363 2019 481 2051 Docte
526 2023 564 2052 ct
594 2021 809 2066 perspicuo,
845 2028 886 2054 ut
918 2023 1033 2063 solet,
1072 2020 1225 2066 maguus
1264 2021 1328 2054 illc
1362 2019 1574 2065 Theologns
1617 2021 1670 2053 J0.

365 2083 544 2115 Get-hard
565 2084 603 2115 in
638 2085 723 2119 Loc.
765 2085 882 2120 theol.
921 2086 975 2119 cd.
1016 2087 1158 2120 Cottae.
1193 2087 1234 2119 Τ.
1274 2088 1299 2118 Ι.
1335 2097 1370 2130 p.
1410 2082 1490 2118 362.
1532 2088 1675 2127 septem

366 2150 484 2183 varias
513 2151 842 2196 interpretationes
877 2157 988 2198 atque
1027 2152 1220 2197 opiniones
1255 2155 1423 2184 recenset
1458 2150 1675 2195 judicatque

368 2215 486 2248 salsas.
535 2216 589 2249 Ad
616 2229 726 2262 quom
754 2229 799 2249 ex
826 2226 920 2250 nevo
964 2224 1088 2251 nostro
1132 2217 1277 2250 accedit
1313 2218 1372 2249 Ge.
1419 2216 1503 2249 (ler.
1538 2217 1674 2262 Knapp

368 2281 512 2316 Vorles.
549 2283 639 2315 iiber
671 2282 732 2314 die
767 2282 840 2315 chr.
869 2282 1163 2320 Glaubcnslehre
1195 2283 1265 2320 Th,
1296 2283 1339 2315 11.
1369 2280 1464 2314 1827.
1490 2280 1522 2314 8.
1548 2293 1583 2326 p.
1610 2278 1677 2316 166

368 2358 468 2392 seqq.
517 2346 646 2391 Neque
683 2347 901 2389 ‹losum-unt,
937 2348 1000 2393 qui
1030 2349 1163 2381 nostris
1191 2359 1339 2394 quoque
1377 2347 1603 2391 temporibus
1630 2356 1676 2378 ex

368 2424 434 2445 sno
462 2412 607 2453 ingvuio
634 2412 732 2444 vario
761 2411 869 2444 inodo
898 2418 1119 2445 exornarent
1144 2412 1213 2445 hoc
1240 2412 1380 2458 dogma.
1410 2412 1464 2450 Cf,
1491 2411 1536 2444 de
1552 2411 1676 2444 lVette

369 2477 449 2510 bibl
486 2478 651 2520 Dogmat.
680 2475 705 2521 §
733 2476 813 2512 285.
838 2478 1103 2511 Mar-heinecke
1129 2478 1282 2512 Grundl.
1310 2477 1376 2511 der
1409 2478 1482 2511 chr.
1508 2478 1674 2522 Dogmat.

366 2541 458 2578 edit.
483 2544 525 2575 11.
553 2540 580 2586 §-
606 2541 684 2574 351.
712 2543 808 2574 Ilase
833 2543 966 2576 Lehrb.
998 2543 1061 2577 der
1085 2555 1211 2588 evang.
1237 2543 1406 2585 Dogmat.
1433 2553 1468 2587 p.
1491 2540 1676 2587 363seqq.
