1773 3032
786 368 942 423 CAP.
986 368 1081 423 IV.

270 526 646 619 Appendioe
699 525 1283 617 fraymentorum
1358 549 1596 615 033090-

771 640 1085 708 ticorum.

201 876 485 973 Postquam
530 917 765 971 fragmenta
808 916 1024 970 exegetica
1064 923 1126 971 (p.
1155 919 1205 963 41
1238 941 1291 947 -—
1319 915 1430 971 56.),
1469 932 1493 957 a
1532 917 1652 957 nobis

200 1006 286 1033 non
324 992 413 1031 sine
449 991 641 1031 molestia
680 990 723 1029 in
752 990 876 1029 variis
919 989 1169 1030 Catenarum
1225 989 1504 1041 editionibus,
1546 1004 1652 1046 quae

199 1064 252 1104 ad
280 1077 422 1103 manus
454 1072 593 1114 erant,
625 1063 882 1117 conquisita,
927 1064 1009 1118 jam
1039 1064 1149 1117 typis
1181 1072 1319 1103 essent
1358 1071 1546 1114 exarata,
1586 1077 1654 1103 re-

200 1137 387 1191 perimus
419 1138 461 1175 in
490 1136 652 1176 duobus
683 1135 822 1184 libris,
851 1135 924 1174 ubi
955 1149 1040 1176 non
1072 1137 1423 1190 quaesiveramus,
1451 1137 1648 1176 nonnulla

200 1212 335 1251 adhuc
363 1213 578 1264 Excerpta
607 1223 659 1250 ex
689 1210 857 1251 Catenis
903 1208 979 1248 sub
1017 1209 1190 1248 Eusebii
1230 1211 1428 1250 Emeseni
1470 1211 1650 1251 nomine.

199 1284 320 1324 Libri
349 1285 411 1323 illi
443 1293 560 1323 sunt:

410 1360 565 1397 Ber-nh.
597 1358 649 1397 de
678 1358 952 1410 Monfaucon
980 1356 1269 1406 Hexaplorum
1298 1354 1510 1409 Origenis,
1543 1368 1648 1410 quae

305 1439 535 1485 supersunt
565 1439 645 1471 etc.
679 1433 799 1470 Tom.
832 1431 861 1470 Ι.
892 1430 1024 1470 Paris.
1059 1431 1175 1483 1713.
1205 1428 1233 1468 f.
1263 1443 1357 1483 pag.
1395 1429 1455 1471 16.
1486 1442 1650 1484 2¹·,i22’

323 1504 387 1545 26.
418 1505 469 1546 33
505 1516 592 1544 120.
1339 1494 1345 1499 ⁷

410 1578 477 1616 ιῙο.
512 1579 611 1617 Chr.
645 1576 712 1617 W
713 1576 806 1632 olfii
835 1575 1052 1615 Anecdota
1082 1576 1268 1627 Graeca,
1309 1590 1424 1616 sacra
1465 1583 1506 1615 et
1545 1587 1647 1628 pro-

304 1646 398 1687 fana
428 1657 508 1688 etc.
549 1651 598 1690 T.
641 1650 710 1688 III.
749 1647 982 1701 Hamburgi
1015 1649 1130 1701 1723.
1160 1649 1198 1688 8.
1227 1663 1269 1702 p.
1304 1647 1377 1694 146
1407 1662 1523 1703 seqq.
1564 1650 1648 1687 Ex-

303 1730 451 1774 cerpta
480 1734 532 1759 ex
564 1720 718 1763 Catena
746 1734 842 1761 mss.
872 1723 915 1760 in
942 1723 1049 1766 Acta
1075 1723 1327 1776 Apostolum
1356 1730 1398 1761 et
1430 1719 1643 1776 Epistolas

306 1795 556 1835 catholicas.
678 1838 683 1843 ⁴

305 1868 370 1908 Eo
411 1868 622 1909 lubentius
664 1877 803 1909 autem
845 1869 949 1909 haec
988 1869 1200 1923 Excerpta
1240 1869 1496 1922 subjicienda
1525 1878 1645 1923 puta-

194 1939 355 1990 vimus,
385 1954 479 1979 cum
507 1956 591 1982 non
621 1942 756 1981 solum
782 1941 1187 1984 commendationem
1228 1943 1560 1982 Duumvirorum
1590 1943 1642 1982 de

196 2012 325 2052 rebus
356 2013 512 2053 criticis
542 2014 839 2055 immortaliter
867 2015 1137 2064 meritorum,
1170 2028 1272 2069 prae
1301 2029 1346 2055 se
1378 2015 1536 2065 ferant,
1567 2015 1644 2054 scd

197 2083 322 2122 etiam
351 2085 402 2123 ad
431 2085 622 2138 genium,
651 2089 823 2126 modum
853 2096 896 2127 et
925 2089 1074 2140 stylum
1104 2088 1314 2138 Emeseni,
1344 2097 1391 2128 ut
1421 2101 1471 2126 ex
1500 2089 1645 2143 genui-

196 2156 258 2194 nis
296 2158 542 2198 tractatibus
585 2159 784 2200 habemus
828 2162 1066 2215 cognitum,
1108 2164 1238 2203 multo
1268 2163 1396 2216 magis
1426 2162 1645 2212 accedant,

199 2243 320 2283 quam
350 2231 439 2281 illa,
472 2247 576 2287 quae
606 2242 798 2288 tanquam
831 2234 955 2274 dubia
985 2245 1025 2276 at
1054 2244 1247 2289 suspecta
1276 2236 1489 2283 dedimus,
1520 2244 1563 2275 et
1592 2236 1644 2274 de

199 2300 351 2353 quibus
383 2319 509 2358 supra
541 2321 581 2359 p.
614 2310 661 2352 41
694 2332 748 2338 -—
779 2311 844 2354 44.
882 2309 1128 2348 monuimus.
1185 2308 1231 2346 Id
1270 2307 1404 2346 solum
1444 2306 1644 2354 addimus,

198 2387 308 2415 novo
341 2376 423 2415 hoc
455 2380 648 2431 exemplo
683 2380 939 2430 confirmari,
969 2381 1199 2421 Eusebium
1227 2382 1449 2420 Emcscum
1489 2381 1646 2418 veteris

197 2462 366 2503 quoque
416 2452 697 2503 Testamenti,
739 2454 929 2509 adeoque
980 2463 1118 2494 textus
1162 2454 1400 2508 originalis,
1440 2465 1519 2492 nec
1559 2466 1644 2491 non

196 2523 403 2562 versionis
433 2524 651 2577 Syriacae,
683 2526 811 2568 fuisse
842 2528 1132 2583 interpretem.
