<?xml version="1.0" encoding="UTF-8"?>
<!DOCTYPE html PUBLIC "-//W3C//DTD XHTML 1.0 Transitional//EN"
    "http://www.w3.org/TR/xhtml1/DTD/xhtml1-transitional.dtd">
<html xmlns="http://www.w3.org/1999/xhtml" xml:lang="en" lang="en">
 <head>
  <title>
</title>
<meta http-equiv="Content-Type" content="text/html;charset=utf-8" />
  <meta name='ocr-system' content='tesseract 3.04.00' />
  <meta name='ocr-capabilities' content='ocr_page ocr_carea ocr_par ocr_line ocrx_word'/>
</head>
<body>
  <div class='ocr_page' id='page_1' title='image "./eusebiiemeseniqu00auguuoft_0127.png"; bbox 0 0 1773 3032; ppageno 0'>
   <div class='ocr_carea' id='block_1_1' title="bbox 678 149 975 193">
    <p class='ocr_par' dir='ltr' id='par_1_1' title="bbox 678 149 975 193">
     <span class='ocr_line' id='line_1_1' title="bbox 678 149 975 193; baseline 0 0"><span class='ocrx_word' id='word_1_1' title='bbox 678 149 975 193; x_wconf 81' lang='lat'><strong>—121—</strong></span> 
     </span>
    </p>
   </div>
   <div class='ocr_carea' id='block_1_2' title="bbox 94 269 1551 474">
    <p class='ocr_par' dir='ltr' id='par_1_2' title="bbox 94 269 1551 474">
     <span class='ocr_line' id='line_1_2' title="bbox 94 269 1551 328; baseline -0.001 -14"><span class='ocrx_word' id='word_1_2' title='bbox 94 275 217 314; x_wconf 81' lang='lat' dir='ltr'>ticam</span> <span class='ocrx_word' id='word_1_3' title='bbox 248 281 373 328; x_wconf 79' lang='lat' dir='ltr'>atque</span> <span class='ocrx_word' id='word_1_4' title='bbox 405 270 640 317; x_wconf 77' lang='lat' dir='ltr'>asceticam,</span> <span class='ocrx_word' id='word_1_5' title='bbox 696 271 847 326; x_wconf 81' lang='lat' dir='ltr'><strong>Neque</strong></span> <span class='ocrx_word' id='word_1_6' title='bbox 879 270 1001 311; x_wconf 86' lang='lat' dir='ltr'>aliter</span> <span class='ocrx_word' id='word_1_7' title='bbox 1032 270 1082 310; x_wconf 89' lang='lat' dir='ltr'>ad</span> <span class='ocrx_word' id='word_1_8' title='bbox 1112 269 1224 310; x_wconf 89' lang='lat' dir='ltr'>hunc</span> <span class='ocrx_word' id='word_1_9' title='bbox 1262 283 1396 327; x_wconf 83' lang='lat' dir='ltr'>usque</span> <span class='ocrx_word' id='word_1_10' title='bbox 1437 271 1551 312; x_wconf 88' lang='lat' dir='ltr'>diem</span> 
     </span>
     <span class='ocr_line' id='line_1_3' title="bbox 94 343 1550 400; baseline 0.001 -16"><span class='ocrx_word' id='word_1_11' title='bbox 94 345 332 400; x_wconf 83' lang='lat' dir='ltr'>procedunt</span> <span class='ocrx_word' id='word_1_12' title='bbox 373 346 613 386; x_wconf 84' lang='lat' dir='ltr'>Homiletae</span> <span class='ocrx_word' id='word_1_13' title='bbox 633 374 645 395; x_wconf 90' lang='lat'>,</span> <span class='ocrx_word' id='word_1_14' title='bbox 693 358 875 400; x_wconf 86' lang='lat' dir='ltr'>quorum</span> <span class='ocrx_word' id='word_1_15' title='bbox 915 358 1014 384; x_wconf 88' lang='lat' dir='ltr'>usus</span> <span class='ocrx_word' id='word_1_16' title='bbox 1043 344 1085 383; x_wconf 91' lang='lat' dir='ltr'>in</span> <span class='ocrx_word' id='word_1_17' title='bbox 1115 343 1246 384; x_wconf 84' lang='lat' dir='ltr'>rebus</span> <span class='ocrx_word' id='word_1_18' title='bbox 1289 344 1449 385; x_wconf 82' lang='lat' dir='ltr'>criticis</span> <span class='ocrx_word' id='word_1_19' title='bbox 1479 352 1550 385; x_wconf 86' lang='lat' dir='ltr'>aut</span> 
     </span>
     <span class='ocr_line' id='line_1_4' title="bbox 97 419 817 474; baseline -0.001 -14"><span class='ocrx_word' id='word_1_20' title='bbox 97 420 214 460; x_wconf 80' lang='lat' dir='ltr'>valde</span> <span class='ocrx_word' id='word_1_21' title='bbox 243 420 420 474; x_wconf 82' lang='lat' dir='ltr'>exiguus</span> <span class='ocrx_word' id='word_1_22' title='bbox 451 429 538 472; x_wconf 87' lang='lat' dir='ltr'>cst,</span> <span class='ocrx_word' id='word_1_23' title='bbox 568 428 640 460; x_wconf 84' lang='lat' dir='ltr'>aut</span> <span class='ocrx_word' id='word_1_24' title='bbox 668 419 817 459; x_wconf 85' lang='lat' dir='ltr'>nullus.</span> 
     </span>
    </p>
   </div>
   <div class='ocr_carea' id='block_1_3' title="bbox 82 510 1553 1744">
    <p class='ocr_par' dir='ltr' id='par_1_3' title="bbox 82 510 1553 1744">
     <span class='ocr_line' id='line_1_5' title="bbox 199 510 1550 568; baseline -0.001 -17"><span class='ocrx_word' id='word_1_25' title='bbox 199 511 245 551; x_wconf 89' lang='lat' dir='ltr'>Si</span> <span class='ocrx_word' id='word_1_26' title='bbox 272 513 415 568; x_wconf 88' lang='lat' dir='ltr'>itaque</span> <span class='ocrx_word' id='word_1_27' title='bbox 446 511 716 566; x_wconf 79' lang='lat' dir='ltr'>hypothesis,</span> <span class='ocrx_word' id='word_1_28' title='bbox 745 525 870 566; x_wconf 87' lang='lat' dir='ltr'>quam</span> <span class='ocrx_word' id='word_1_29' title='bbox 896 512 948 555; x_wconf 91' lang='lat' dir='ltr'>V.</span> <span class='ocrx_word' id='word_1_30' title='bbox 979 512 1023 552; x_wconf 86' lang='lat' dir='ltr'>S.</span> <span class='ocrx_word' id='word_1_31' title='bbox 1050 511 1103 554; x_wconf 90' lang='lat' dir='ltr'>V.</span> <span class='ocrx_word' id='word_1_32' title='bbox 1134 510 1385 551; x_wconf 76' lang='lat' dir='ltr'>Fridericus</span> <span class='ocrx_word' id='word_1_33' title='bbox 1415 510 1550 551; x_wconf 67' lang='grc' dir='ltr'>,Μίλη-</span> 
     </span>
     <span class='ocr_line' id='line_1_6' title="bbox 93 583 1551 639; baseline -0.001 -15"><span class='ocrx_word' id='word_1_34' title='bbox 93 593 225 634; x_wconf 69' lang='lat' dir='ltr'>ter-us,</span> <span class='ocrx_word' id='word_1_35' title='bbox 238 585 478 639; x_wconf 87' lang='lat' dir='ltr'><strong>Episcopus</strong></span> <span class='ocrx_word' id='word_1_36' title='bbox 509 585 766 636; x_wconf 77' lang='lat' dir='ltr'>Seelandiae3</span> <span class='ocrx_word' id='word_1_37' title='bbox 784 586 836 624; x_wconf 85' lang='lat' dir='ltr'>de</span> <span class='ocrx_word' id='word_1_38' title='bbox 863 583 1051 624; x_wconf 91' lang='lat' dir='ltr'>Eusebio</span> <span class='ocrx_word' id='word_1_39' title='bbox 1081 585 1240 623; x_wconf 87' lang='lat' dir='ltr'>Nostro</span> <span class='ocrx_word' id='word_1_40' title='bbox 1274 596 1369 623; x_wconf 90' lang='lat' dir='ltr'>cum</span> <span class='ocrx_word' id='word_1_41' title='bbox 1394 584 1551 624; x_wconf 83' lang='lat' dir='ltr'><em>Evan-</em></span> 
     </span>
     <span class='ocr_line' id='line_1_7' title="bbox 91 656 1551 712; baseline 0 -16"><span class='ocrx_word' id='word_1_42' title='bbox 91 658 207 711; x_wconf 82' lang='lat' dir='ltr'>gelio</span> <span class='ocrx_word' id='word_1_43' title='bbox 238 660 470 700; x_wconf 81' lang='lat' dir='ltr'>Nicodemi</span> <span class='ocrx_word' id='word_1_44' title='bbox 509 658 816 710; x_wconf 84' lang='lat' dir='ltr'>concordante,</span> <span class='ocrx_word' id='word_1_45' title='bbox 854 671 993 712; x_wconf 82' lang='lat' dir='ltr'><strong>nuper</strong></span> <span class='ocrx_word' id='word_1_46' title='bbox 1031 656 1259 712; x_wconf 82' lang='lat' dir='ltr'>proposuit</span> <span class='ocrx_word' id='word_1_47' title='bbox 1287 657 1354 707; x_wconf 67' lang='lat'>³¹²),</span> <span class='ocrx_word' id='word_1_48' title='bbox 1397 658 1454 697; x_wconf 86' lang='lat' dir='ltr'>ita</span> <span class='ocrx_word' id='word_1_49' title='bbox 1482 669 1551 696; x_wconf 91' lang='lat' dir='ltr'>su-</span> 
     </span>
     <span class='ocr_line' id='line_1_8' title="bbox 92 731 1549 787; baseline 0.001 -18"><span class='ocrx_word' id='word_1_50' title='bbox 92 739 255 782; x_wconf 81' lang='lat' dir='ltr'>matur,</span> <span class='ocrx_word' id='word_1_51' title='bbox 286 746 334 772; x_wconf 92' lang='lat' dir='ltr'>ac</span> <span class='ocrx_word' id='word_1_52' title='bbox 363 732 398 772; x_wconf 92' lang='lat' dir='ltr'>si</span> <span class='ocrx_word' id='word_1_53' title='bbox 426 734 585 772; x_wconf 85' lang='lat' dir='ltr'>Noster</span> <span class='ocrx_word' id='word_1_54' title='bbox 623 732 704 772; x_wconf 88' lang='lat' dir='ltr'>alio</span> <span class='ocrx_word' id='word_1_55' title='bbox 747 747 869 787; x_wconf 91' lang='lat' dir='ltr'>quam</span> <span class='ocrx_word' id='word_1_56' title='bbox 909 732 1110 773; x_wconf 82' lang='lat' dir='ltr'>canonico</span> <span class='ocrx_word' id='word_1_57' title='bbox 1142 731 1183 771; x_wconf 92' lang='lat' dir='ltr'>S.</span> <span class='ocrx_word' id='word_1_58' title='bbox 1206 731 1248 771; x_wconf 87' lang='lat' dir='ltr'>S.</span> <span class='ocrx_word' id='word_1_59' title='bbox 1288 738 1411 771; x_wconf 81' lang='lat' dir='ltr'>textu</span> <span class='ocrx_word' id='word_1_60' title='bbox 1449 744 1549 771; x_wconf 89' lang='lat' dir='ltr'>usus</span> 
     </span>
     <span class='ocr_line' id='line_1_9' title="bbox 92 804 1550 861; baseline -0.001 -16"><span class='ocrx_word' id='word_1_61' title='bbox 92 804 171 855; x_wconf 88' lang='lat' dir='ltr'>sit,</span> <span class='ocrx_word' id='word_1_62' title='bbox 200 820 276 846; x_wconf 90' lang='lat' dir='ltr'>nos</span> <span class='ocrx_word' id='word_1_63' title='bbox 307 807 477 861; x_wconf 84' lang='lat' dir='ltr'>quidem</span> <span class='ocrx_word' id='word_1_64' title='bbox 508 806 711 846; x_wconf 87' lang='lat' dir='ltr'>calculum</span> <span class='ocrx_word' id='word_1_65' title='bbox 740 805 926 861; x_wconf 83' lang='lat' dir='ltr'>adjicere</span> <span class='ocrx_word' id='word_1_66' title='bbox 963 820 1047 846; x_wconf 89' lang='lat' dir='ltr'>non</span> <span class='ocrx_word' id='word_1_67' title='bbox 1076 820 1313 859; x_wconf 90' lang='lat' dir='ltr'>possumus.</span> <span class='ocrx_word' id='word_1_68' title='bbox 1342 804 1550 845; x_wconf 81' lang='lat' dir='ltr'>Libenter</span> 
     </span>
     <span class='ocr_line' id='line_1_10' title="bbox 93 878 1548 936; baseline 0.001 -19"><span class='ocrx_word' id='word_1_69' title='bbox 93 886 232 919; x_wconf 81' lang='lat' dir='ltr'>tamen</span> <span class='ocrx_word' id='word_1_70' title='bbox 269 879 572 934; x_wconf 83' lang='lat' dir='ltr'>adstipulamur</span> <span class='ocrx_word' id='word_1_71' title='bbox 612 881 655 919; x_wconf 90' lang='lat' dir='ltr'>in</span> <span class='ocrx_word' id='word_1_72' title='bbox 691 894 768 932; x_wconf 89' lang='lat' dir='ltr'>eo,</span> <span class='ocrx_word' id='word_1_73' title='bbox 813 881 927 936; x_wconf 84' lang='lat' dir='ltr'>quod</span> <span class='ocrx_word' id='word_1_74' title='bbox 965 882 1199 920; x_wconf 88' lang='lat' dir='ltr'>Emesenus</span> <span class='ocrx_word' id='word_1_75' title='bbox 1237 881 1281 920; x_wconf 93' lang='lat' dir='ltr'>in</span> <span class='ocrx_word' id='word_1_76' title='bbox 1317 878 1548 920; x_wconf 83' lang='lat' dir='ltr'>traditione</span> 
     </span>
     <span class='ocr_line' id='line_1_11' title="bbox 92 953 1551 1010; baseline 0 -17"><span class='ocrx_word' id='word_1_77' title='bbox 92 953 318 1005; x_wconf 85' lang='lat' dir='ltr'>historica,</span> <span class='ocrx_word' id='word_1_78' title='bbox 366 970 488 1010; x_wconf 87' lang='lat' dir='ltr'>quam</span> <span class='ocrx_word' id='word_1_79' title='bbox 541 969 626 995; x_wconf 91' lang='lat' dir='ltr'>non</span> <span class='ocrx_word' id='word_1_80' title='bbox 663 956 808 1010; x_wconf 85' lang='lat' dir='ltr'>inepte</span> <span class='ocrx_word' id='word_1_81' title='bbox 850 956 1172 1008; x_wconf 75' lang='lat' dir='ltr'>Ilchlzologz&#39;am</span> <span class='ocrx_word' id='word_1_82' title='bbox 1217 955 1551 994; x_wconf 75' lang='lat' dir='ltr'>ecclesiasticam</span> 
     </span>
     <span class='ocr_line' id='line_1_12' title="bbox 93 1026 1552 1082; baseline 0 -17"><span class='ocrx_word' id='word_1_83' title='bbox 93 1026 280 1079; x_wconf 80' lang='lat' dir='ltr'>dixeris,</span> <span class='ocrx_word' id='word_1_84' title='bbox 310 1027 498 1067; x_wconf 84' lang='lat' dir='ltr'>hauserit</span> <span class='ocrx_word' id='word_1_85' title='bbox 539 1042 663 1082; x_wconf 89' lang='lat' dir='ltr'>quam</span> <span class='ocrx_word' id='word_1_86' title='bbox 701 1028 930 1082; x_wconf 82' lang='lat' dir='ltr'>plurimmn</span> <span class='ocrx_word' id='word_1_87' title='bbox 969 1040 1020 1068; x_wconf 87' lang='lat' dir='ltr'>ex</span> <span class='ocrx_word' id='word_1_88' title='bbox 1058 1028 1142 1069; x_wconf 88' lang='lat' dir='ltr'>hoc</span> <span class='ocrx_word' id='word_1_89' title='bbox 1177 1027 1408 1082; x_wconf 81' lang='lat' dir='ltr'>Evangelio</span> <span class='ocrx_word' id='word_1_90' title='bbox 1450 1039 1552 1080; x_wconf 85' lang='lat' dir='ltr'>apo-</span> 
     </span>
     <span class='ocr_line' id='line_1_13' title="bbox 82 1099 1548 1155; baseline -0.001 -15"><span class='ocrx_word' id='word_1_91' title='bbox 82 1100 279 1154; x_wconf 75' lang='lat' dir='ltr'>crypho,</span> <span class='ocrx_word' id='word_1_92' title='bbox 321 1101 414 1152; x_wconf 83' lang='lat' dir='ltr'>vel,</span> <span class='ocrx_word' id='word_1_93' title='bbox 456 1101 491 1140; x_wconf 90' lang='lat' dir='ltr'>si</span> <span class='ocrx_word' id='word_1_94' title='bbox 530 1099 612 1140; x_wconf 90' lang='lat' dir='ltr'>hoc</span> <span class='ocrx_word' id='word_1_95' title='bbox 650 1115 734 1142; x_wconf 90' lang='lat' dir='ltr'>non</span> <span class='ocrx_word' id='word_1_96' title='bbox 773 1101 1010 1155; x_wconf 83' lang='lat' dir='ltr'>placuerit,</span> <span class='ocrx_word' id='word_1_97' title='bbox 1052 1114 1104 1140; x_wconf 82' lang='lat' dir='ltr'>ex</span> <span class='ocrx_word' id='word_1_98' title='bbox 1145 1100 1296 1140; x_wconf 87' lang='lat' dir='ltr'>iisdem</span> <span class='ocrx_word' id='word_1_99' title='bbox 1331 1099 1548 1151; x_wconf 85' lang='lat' dir='ltr'>fontibus,</span> 
     </span>
     <span class='ocr_line' id='line_1_14' title="bbox 92 1171 1552 1226; baseline 0.001 -15"><span class='ocrx_word' id='word_1_100' title='bbox 92 1171 244 1226; x_wconf 85' lang='lat' dir='ltr'>quibus</span> <span class='ocrx_word' id='word_1_101' title='bbox 272 1173 739 1213; x_wconf 83' lang='lat' dir='ltr'>Pseudo-Nicodemus</span> <span class='ocrx_word' id='word_1_102' title='bbox 768 1188 868 1213; x_wconf 92' lang='lat' dir='ltr'>usus</span> <span class='ocrx_word' id='word_1_103' title='bbox 898 1182 974 1214; x_wconf 84' lang='lat' dir='ltr'>est.</span> <span class='ocrx_word' id='word_1_104' title='bbox 1030 1175 1133 1212; x_wconf 88' lang='lat' dir='ltr'>Nam</span> <span class='ocrx_word' id='word_1_105' title='bbox 1162 1172 1197 1212; x_wconf 88' lang='lat' dir='ltr'>si</span> <span class='ocrx_word' id='word_1_106' title='bbox 1228 1172 1354 1213; x_wconf 83' lang='lat' dir='ltr'>etiam</span> <span class='ocrx_word' id='word_1_107' title='bbox 1384 1175 1552 1214; x_wconf 81' lang='lat' dir='ltr'>senten-</span> 
     </span>
     <span class='ocr_line' id='line_1_15' title="bbox 91 1240 1551 1302; baseline 0.002 -19"><span class='ocrx_word' id='word_1_108' title='bbox 91 1244 192 1284; x_wconf 86' lang='lat' dir='ltr'>tiam</span> <span class='ocrx_word' id='word_1_109' title='bbox 220 1259 396 1299; x_wconf 88' lang='lat' dir='ltr'>eorum,</span> <span class='ocrx_word' id='word_1_110' title='bbox 425 1247 499 1302; x_wconf 87' lang='lat' dir='ltr'>qui</span> <span class='ocrx_word' id='word_1_111' title='bbox 527 1245 610 1287; x_wconf 95' lang='lat' dir='ltr'>hoc</span> <span class='ocrx_word' id='word_1_112' title='bbox 639 1240 899 1302; x_wconf 66' lang='grc' dir='ltr'><em>ἀπόκρυφον</em></span> <span class='ocrx_word' id='word_1_113' title='bbox 929 1248 1010 1301; x_wconf 84' lang='lat' dir='ltr'>jam</span> <span class='ocrx_word' id='word_1_114' title='bbox 1041 1246 1153 1286; x_wconf 86' lang='lat' dir='ltr'>circa</span> <span class='ocrx_word' id='word_1_115' title='bbox 1180 1246 1364 1286; x_wconf 82' lang='lat' dir='ltr'>medium</span> <span class='ocrx_word' id='word_1_116' title='bbox 1394 1247 1551 1286; x_wconf 83' lang='lat' dir='ltr'>saeculi</span> 
     </span>
     <span class='ocr_line' id='line_1_16' title="bbox 94 1317 1550 1374; baseline 0.003 -18"><span class='ocrx_word' id='word_1_117' title='bbox 94 1317 145 1356; x_wconf 90' lang='lat'>11.</span> <span class='ocrx_word' id='word_1_118' title='bbox 175 1317 383 1372; x_wconf 88' lang='lat' dir='ltr'>scriptum</span> <span class='ocrx_word' id='word_1_119' title='bbox 413 1331 505 1359; x_wconf 87' lang='lat' dir='ltr'>esse</span> <span class='ocrx_word' id='word_1_120' title='bbox 534 1327 684 1372; x_wconf 85' lang='lat' dir='ltr'>putant</span> <span class='ocrx_word' id='word_1_121' title='bbox 715 1317 789 1373; x_wconf 76' lang='lat' dir='ltr'>(cf.</span> <span class='ocrx_word' id='word_1_122' title='bbox 823 1320 937 1359; x_wconf 82' lang='lat' dir='ltr'>Guil.</span> <span class='ocrx_word' id='word_1_123' title='bbox 959 1319 1130 1359; x_wconf 83' lang='lat' dir='ltr'>Luclov.</span> <span class='ocrx_word' id='word_1_124' title='bbox 1150 1321 1302 1359; x_wconf 81' lang='lat' dir='ltr'>Brunn</span> <span class='ocrx_word' id='word_1_125' title='bbox 1329 1319 1550 1374; x_wconf 85' lang='lat' dir='ltr'>Disquisit.</span> 
     </span>
     <span class='ocr_line' id='line_1_17' title="bbox 92 1390 1551 1447; baseline 0.001 -17"><span class='ocrx_word' id='word_1_126' title='bbox 92 1390 190 1431; x_wconf 87' lang='lat' dir='ltr'>hist.</span> <span class='ocrx_word' id='word_1_127' title='bbox 222 1392 316 1432; x_wconf 89' lang='lat' dir='ltr'>crit.</span> <span class='ocrx_word' id='word_1_128' title='bbox 346 1392 398 1432; x_wconf 88' lang='lat' dir='ltr'>de</span> <span class='ocrx_word' id='word_1_129' title='bbox 428 1392 594 1443; x_wconf 82' lang='lat' dir='ltr'>indole,</span> <span class='ocrx_word' id='word_1_130' title='bbox 627 1400 762 1433; x_wconf 85' lang='lat' dir='ltr'>aetate</span> <span class='ocrx_word' id='word_1_131' title='bbox 792 1401 835 1433; x_wconf 86' lang='lat' dir='ltr'>et</span> <span class='ocrx_word' id='word_1_132' title='bbox 862 1408 942 1433; x_wconf 91' lang='lat' dir='ltr'>usu</span> <span class='ocrx_word' id='word_1_133' title='bbox 984 1393 1085 1433; x_wconf 87' lang='lat' dir='ltr'>libri</span> <span class='ocrx_word' id='word_1_134' title='bbox 1123 1393 1382 1447; x_wconf 78' lang='lat' dir='ltr'>apocryphi,</span> <span class='ocrx_word' id='word_1_135' title='bbox 1421 1392 1551 1447; x_wconf 83' lang='lat' dir='ltr'>vulgo</span> 
     </span>
     <span class='ocr_line' id='line_1_18' title="bbox 93 1463 1551 1521; baseline 0.003 -20"><span class='ocrx_word' id='word_1_136' title='bbox 93 1463 295 1519; x_wconf 88' lang='lat' dir='ltr'>inscripti</span> <span class='ocrx_word' id='word_1_137' title='bbox 329 1466 608 1519; x_wconf 84' lang='lat' dir='ltr'>Evangelium</span> <span class='ocrx_word' id='word_1_138' title='bbox 640 1466 876 1507; x_wconf 86' lang='lat' dir='ltr'>Nicodemi.</span> <span class='ocrx_word' id='word_1_139' title='bbox 906 1467 1052 1506; x_wconf 88' lang='lat' dir='ltr'>Berol.</span> <span class='ocrx_word' id='word_1_140' title='bbox 1087 1470 1202 1521; x_wconf 64' lang='lat'><strong>1794.</strong></span> <span class='ocrx_word' id='word_1_141' title='bbox 1234 1466 1274 1507; x_wconf 81' lang='lat'>8.</span> <span class='ocrx_word' id='word_1_142' title='bbox 1302 1481 1345 1521; x_wconf 89' lang='lat' dir='ltr'>p.</span> <span class='ocrx_word' id='word_1_143' title='bbox 1361 1467 1551 1520; x_wconf 82' lang='lat'>83-85),</span> 
     </span>
     <span class='ocr_line' id='line_1_19' title="bbox 90 1535 1552 1592; baseline 0.003 -17"><span class='ocrx_word' id='word_1_144' title='bbox 90 1535 278 1589; x_wconf 89' lang='lat' dir='ltr'>probare</span> <span class='ocrx_word' id='word_1_145' title='bbox 308 1537 443 1588; x_wconf 87' lang='lat' dir='ltr'>nolis,</span> <span class='ocrx_word' id='word_1_146' title='bbox 483 1536 566 1578; x_wconf 92' lang='lat' dir='ltr'>hoc</span> <span class='ocrx_word' id='word_1_147' title='bbox 605 1546 743 1578; x_wconf 87' lang='lat' dir='ltr'>tamen</span> <span class='ocrx_word' id='word_1_148' title='bbox 772 1547 961 1592; x_wconf 80' lang='lat' dir='ltr'>certum,</span> <span class='ocrx_word' id='word_1_149' title='bbox 1001 1540 1114 1580; x_wconf 89' lang='lat' dir='ltr'>hunc</span> <span class='ocrx_word' id='word_1_150' title='bbox 1142 1539 1300 1579; x_wconf 86' lang='lat' dir='ltr'>librum</span> <span class='ocrx_word' id='word_1_151' title='bbox 1329 1540 1427 1579; x_wconf 86' lang='lat' dir='ltr'>satis</span> <span class='ocrx_word' id='word_1_152' title='bbox 1459 1552 1552 1579; x_wconf 89' lang='lat' dir='ltr'>esse</span> 
     </span>
     <span class='ocr_line' id='line_1_20' title="bbox 91 1609 1553 1666; baseline 0.005 -18"><span class='ocrx_word' id='word_1_153' title='bbox 91 1609 308 1664; x_wconf 87' lang='lat' dir='ltr'>antiquum</span> <span class='ocrx_word' id='word_1_154' title='bbox 346 1619 390 1651; x_wconf 90' lang='lat' dir='ltr'>et</span> <span class='ocrx_word' id='word_1_155' title='bbox 428 1618 625 1666; x_wconf 83' lang='lat' dir='ltr'>tempore</span> <span class='ocrx_word' id='word_1_156' title='bbox 664 1613 795 1653; x_wconf 86' lang='lat' dir='ltr'>medii</span> <span class='ocrx_word' id='word_1_157' title='bbox 839 1615 932 1657; x_wconf 86' lang='lat' dir='ltr'>aevi</span> <span class='ocrx_word' id='word_1_158' title='bbox 979 1614 1318 1665; x_wconf 87' lang='lat' dir='ltr'>usitatissimum,</span> <span class='ocrx_word' id='word_1_159' title='bbox 1374 1622 1422 1655; x_wconf 85' lang='lat' dir='ltr'>ut</span> <span class='ocrx_word' id='word_1_160' title='bbox 1466 1624 1553 1655; x_wconf 86' lang='lat' dir='ltr'>tam</span> 
     </span>
     <span class='ocr_line' id='line_1_21' title="bbox 91 1683 1552 1744; baseline 0.005 -22"><span class='ocrx_word' id='word_1_161' title='bbox 91 1683 246 1725; x_wconf 83' lang='lat' dir='ltr'>multae</span> <span class='ocrx_word' id='word_1_162' title='bbox 274 1685 493 1726; x_wconf 86' lang='lat' dir='ltr'>versiones</span> <span class='ocrx_word' id='word_1_163' title='bbox 522 1686 700 1740; x_wconf 83' lang='lat' dir='ltr'>latinae,</span> <span class='ocrx_word' id='word_1_164' title='bbox 730 1688 925 1742; x_wconf 81' lang='lat' dir='ltr'>gallicae,</span> <span class='ocrx_word' id='word_1_165' title='bbox 966 1689 1230 1744; x_wconf 82' lang='lat' dir='ltr'>germanicae</span> <span class='ocrx_word' id='word_1_166' title='bbox 1264 1687 1552 1744; x_wconf 84' lang='lat' dir='ltr'>anglo-saxo-</span> 
     </span>
    </p>
   </div>
   <div class='ocr_carea' id='block_1_4' title="bbox 159 1925 1554 2622">
    <p class='ocr_par' dir='ltr' id='par_1_4' title="bbox 159 1925 1554 2622">
     <span class='ocr_line' id='line_1_22' title="bbox 159 1925 1552 1972; baseline 0.004 -12"><span class='ocrx_word' id='word_1_167' title='bbox 159 1925 194 1972; x_wconf 75' lang='lat'>*)</span> <span class='ocrx_word' id='word_1_168' title='bbox 221 1926 288 1963; x_wconf 62' lang='lat' dir='ltr'>Fr„</span> <span class='ocrx_word' id='word_1_169' title='bbox 309 1928 483 1961; x_wconf 79' lang='lat' dir='ltr'>Mlinter:</span> <span class='ocrx_word' id='word_1_170' title='bbox 510 1927 631 1962; x_wconf 75' lang='lat' dir='ltr'>Ueber</span> <span class='ocrx_word' id='word_1_171' title='bbox 656 1927 718 1963; x_wconf 83' lang='lat' dir='ltr'>die</span> <span class='ocrx_word' id='word_1_172' title='bbox 745 1929 1060 1965; x_wconf 82' lang='lat' dir='ltr'>Antiochenische</span> <span class='ocrx_word' id='word_1_173' title='bbox 1088 1931 1236 1969; x_wconf 80' lang='lat' dir='ltr'>Schule.</span> <span class='ocrx_word' id='word_1_174' title='bbox 1260 1932 1303 1965; x_wconf 92' lang='lat' dir='ltr'>In</span> <span class='ocrx_word' id='word_1_175' title='bbox 1325 1931 1423 1967; x_wconf 89' lang='lat' dir='ltr'>libro</span> <span class='ocrx_word' id='word_1_176' title='bbox 1447 1943 1552 1966; x_wconf 84' lang='lat' dir='ltr'>men-</span> 
     </span>
     <span class='ocr_line' id='line_1_23' title="bbox 225 1993 1553 2043; baseline 0.006 -18"><span class='ocrx_word' id='word_1_177' title='bbox 225 1997 348 2026; x_wconf 85' lang='lat' dir='ltr'>struo:</span> <span class='ocrx_word' id='word_1_178' title='bbox 382 1993 526 2027; x_wconf 76' lang='lat' dir='ltr'>Archiv</span> <span class='ocrx_word' id='word_1_179' title='bbox 548 1995 630 2038; x_wconf 74' lang='lat' dir='ltr'>fiir</span> <span class='ocrx_word' id='word_1_180' title='bbox 663 1997 740 2029; x_wconf 80' lang='lat' dir='ltr'>alte</span> <span class='ocrx_word' id='word_1_181' title='bbox 772 1995 853 2029; x_wconf 78' lang='lat' dir='ltr'>und</span> <span class='ocrx_word' id='word_1_182' title='bbox 876 2010 971 2030; x_wconf 80' lang='lat' dir='ltr'>neue</span> <span class='ocrx_word' id='word_1_183' title='bbox 994 1998 1381 2043; x_wconf 70' lang='lat' dir='ltr'>Kirclzengesclzz&#39;chte</span> <span class='ocrx_word' id='word_1_184' title='bbox 1404 2011 1484 2031; x_wconf 79' lang='lat' dir='ltr'>von</span> <span class='ocrx_word' id='word_1_185' title='bbox 1514 1999 1553 2033; x_wconf 90' lang='lat' dir='ltr'>C.</span> 
     </span>
     <span class='ocr_line' id='line_1_24' title="bbox 229 2059 1552 2108; baseline 0.005 -16"><span class='ocrx_word' id='word_1_186' title='bbox 229 2060 268 2092; x_wconf 83' lang='lat' dir='ltr'>F.</span> <span class='ocrx_word' id='word_1_187' title='bbox 297 2059 500 2093; x_wconf 77' lang='lat' dir='ltr'>Scaeudlin</span> <span class='ocrx_word' id='word_1_188' title='bbox 527 2060 608 2093; x_wconf 78' lang='lat' dir='ltr'>und</span> <span class='ocrx_word' id='word_1_189' title='bbox 623 2062 664 2093; x_wconf 66' lang='lat' dir='ltr'>IL</span> <span class='ocrx_word' id='word_1_190' title='bbox 681 2062 717 2093; x_wconf 92' lang='lat' dir='ltr'>G.</span> <span class='ocrx_word' id='word_1_191' title='bbox 733 2062 968 2095; x_wconf 76' lang='lat' dir='ltr'>Tzschirner.</span> <span class='ocrx_word' id='word_1_192' title='bbox 983 2065 1056 2097; x_wconf 82' lang='lat' dir='ltr'>LB.</span> <span class='ocrx_word' id='word_1_193' title='bbox 1069 2065 1094 2097; x_wconf 94' lang='grc' dir='ltr'>Ι.</span> <span class='ocrx_word' id='word_1_194' title='bbox 1118 2063 1168 2097; x_wconf 88' lang='lat' dir='ltr'>St.</span> <span class='ocrx_word' id='word_1_195' title='bbox 1184 2075 1219 2108; x_wconf 81' lang='lat' dir='ltr'>p,</span> <span class='ocrx_word' id='word_1_196' title='bbox 1238 2062 1397 2097; x_wconf 71' lang='lat'><strong>13—14.</strong></span> <span class='ocrx_word' id='word_1_197' title='bbox 1418 2063 1484 2098; x_wconf 86' lang='lat' dir='ltr'>ubi</span> <span class='ocrx_word' id='word_1_198' title='bbox 1505 2065 1552 2098; x_wconf 87' lang='lat' dir='ltr'>de</span> 
     </span>
     <span class='ocr_line' id='line_1_25' title="bbox 231 2123 1553 2167; baseline 0.008 -11"><span class='ocrx_word' id='word_1_199' title='bbox 231 2123 389 2157; x_wconf 70' lang='lat' dir='ltr'>Eusebio</span> <span class='ocrx_word' id='word_1_200' title='bbox 416 2125 598 2159; x_wconf 87' lang='lat' dir='ltr'>Emeseno</span> <span class='ocrx_word' id='word_1_201' title='bbox 627 2126 785 2161; x_wconf 87' lang='lat' dir='ltr'>Scholac</span> <span class='ocrx_word' id='word_1_202' title='bbox 811 2128 1069 2163; x_wconf 80' lang='lat' dir='ltr'>Antiochenae</span> <span class='ocrx_word' id='word_1_203' title='bbox 1099 2131 1247 2164; x_wconf 83' lang='lat' dir='ltr'>alumno</span> <span class='ocrx_word' id='word_1_204' title='bbox 1276 2130 1553 2167; x_wconf 81' lang='lat' dir='ltr'>disseriturad-</span> 
     </span>
     <span class='ocr_line' id='line_1_26' title="bbox 234 2188 1552 2242; baseline 0.008 -21"><span class='ocrx_word' id='word_1_205' title='bbox 234 2188 430 2236; x_wconf 71' lang='lat' dir='ltr'>‹liturquct</span> <span class='ocrx_word' id='word_1_206' title='bbox 479 2192 552 2234; x_wconf 78' lang='lat' dir='ltr'>„Er</span> <span class='ocrx_word' id='word_1_207' title='bbox 586 2191 767 2226; x_wconf 87' lang='lat' dir='ltr'>bedicnte</span> <span class='ocrx_word' id='word_1_208' title='bbox 800 2194 877 2227; x_wconf 89' lang='lat' dir='ltr'>sich</span> <span class='ocrx_word' id='word_1_209' title='bbox 916 2194 980 2228; x_wconf 80' lang='lat' dir='ltr'>(les</span> <span class='ocrx_word' id='word_1_210' title='bbox 1014 2195 1242 2230; x_wconf 76' lang='lat' dir='ltr'>bcrfihmten</span> <span class='ocrx_word' id='word_1_211' title='bbox 1268 2198 1458 2242; x_wconf 80' lang='lat' dir='ltr'>Evangelii</span> <span class='ocrx_word' id='word_1_212' title='bbox 1486 2197 1552 2232; x_wconf 90' lang='lat' dir='ltr'>des</span> 
     </span>
     <span class='ocr_line' id='line_1_27' title="bbox 226 2253 1554 2306; baseline 0.01 -21"><span class='ocrx_word' id='word_1_213' title='bbox 226 2253 473 2298; x_wconf 75' lang='lat' dir='ltr'>Nicodemus,</span> <span class='ocrx_word' id='word_1_214' title='bbox 508 2258 577 2290; x_wconf 83' lang='lat' dir='ltr'>wie</span> <span class='ocrx_word' id='word_1_215' title='bbox 613 2258 672 2292; x_wconf 93' lang='lat' dir='ltr'>ich</span> <span class='ocrx_word' id='word_1_216' title='bbox 715 2258 912 2293; x_wconf 65' lang='lat' dir='ltr'>nachstens</span> <span class='ocrx_word' id='word_1_217' title='bbox 948 2260 988 2293; x_wconf 90' lang='lat' dir='ltr'>in</span> <span class='ocrx_word' id='word_1_218' title='bbox 1034 2261 1101 2295; x_wconf 90' lang='lat' dir='ltr'>der</span> <span class='ocrx_word' id='word_1_219' title='bbox 1133 2263 1301 2306; x_wconf 81' lang='lat' dir='ltr'>Ausgabe</span> <span class='ocrx_word' id='word_1_220' title='bbox 1331 2264 1434 2297; x_wconf 84' lang='lat' dir='ltr'>einer</span> <span class='ocrx_word' id='word_1_221' title='bbox 1461 2264 1554 2298; x_wconf 83' lang='lat' dir='ltr'>oder</span> 
     </span>
     <span class='ocr_line' id='line_1_28' title="bbox 225 2318 1552 2374; baseline 0.01 -23"><span class='ocrx_word' id='word_1_222' title='bbox 225 2318 415 2354; x_wconf 83' lang='lat' dir='ltr'>mehrerer</span> <span class='ocrx_word' id='word_1_223' title='bbox 451 2322 638 2357; x_wconf 86' lang='lat' dir='ltr'>Homilien</span> <span class='ocrx_word' id='word_1_224' title='bbox 667 2323 800 2358; x_wconf 68' lang='lat' dir='ltr'>‘dieses</span> <span class='ocrx_word' id='word_1_225' title='bbox 836 2325 1028 2368; x_wconf 82' lang='lat' dir='ltr'>Bischofs,</span> <span class='ocrx_word' id='word_1_226' title='bbox 1063 2326 1122 2361; x_wconf 88' lang='lat' dir='ltr'>die</span> <span class='ocrx_word' id='word_1_227' title='bbox 1161 2328 1220 2361; x_wconf 91' lang='lat' dir='ltr'>ich</span> <span class='ocrx_word' id='word_1_228' title='bbox 1247 2329 1429 2374; x_wconf 83' lang='lat' dir='ltr'>besorgen</span> <span class='ocrx_word' id='word_1_229' title='bbox 1454 2330 1552 2372; x_wconf 82' lang='lat' dir='ltr'>will,</span> 
     </span>
     <span class='ocr_line' id='line_1_29' title="bbox 225 2386 1553 2432; baseline 0.008 -14"><span class='ocrx_word' id='word_1_230' title='bbox 225 2386 353 2429; x_wconf 85' lang='lat' dir='ltr'>zeigen</span> <span class='ocrx_word' id='word_1_231' title='bbox 377 2387 536 2421; x_wconf 83' lang='lat' dir='ltr'>werde.“</span> <span class='ocrx_word' id='word_1_232' title='bbox 585 2387 638 2421; x_wconf 89' lang='lat' dir='ltr'>Cf.</span> <span class='ocrx_word' id='word_1_233' title='bbox 667 2388 835 2432; x_wconf 86' lang='lat' dir='ltr'>ejusdem</span> <span class='ocrx_word' id='word_1_234' title='bbox 860 2391 1022 2424; x_wconf 78' lang='lat' dir='ltr'>auctoris</span> <span class='ocrx_word' id='word_1_235' title='bbox 1051 2391 1301 2426; x_wconf 84' lang='lat' dir='ltr'>doctissimam</span> <span class='ocrx_word' id='word_1_236' title='bbox 1326 2395 1553 2428; x_wconf 80' lang='lat' dir='ltr'>Dissertato-</span> 
     </span>
     <span class='ocr_line' id='line_1_30' title="bbox 230 2438 1553 2505; baseline 0.006 -22"><span class='ocrx_word' id='word_1_237' title='bbox 230 2461 333 2484; x_wconf 82' lang='lat' dir='ltr'>nem:</span> <span class='ocrx_word' id='word_1_238' title='bbox 359 2452 605 2486; x_wconf 80' lang='lat' dir='ltr'>Probabilien</span> <span class='ocrx_word' id='word_1_239' title='bbox 631 2438 700 2487; x_wconf 51' lang='lat' dir='ltr'>zur</span> <span class='ocrx_word' id='word_1_240' title='bbox 713 2454 1088 2501; x_wconf 75' lang='lat' dir='ltr'>Leidensgeschichte</span> <span class='ocrx_word' id='word_1_241' title='bbox 1113 2471 1180 2492; x_wconf 84' lang='lat' dir='ltr'>aus</span> <span class='ocrx_word' id='word_1_242' title='bbox 1206 2459 1287 2492; x_wconf 89' lang='lat' dir='ltr'>dem</span> <span class='ocrx_word' id='word_1_243' title='bbox 1314 2461 1468 2505; x_wconf 78' lang='lat' dir='ltr'>Evang.</span> <span class='ocrx_word' id='word_1_244' title='bbox 1489 2458 1553 2492; x_wconf 82' lang='lat' dir='ltr'>des</span> 
     </span>
     <span class='ocr_line' id='line_1_31' title="bbox 232 2515 1552 2568; baseline 0.012 -22"><span class='ocrx_word' id='word_1_245' title='bbox 232 2515 465 2551; x_wconf 58' lang='lat' dir='ltr'>Nicodemus.</span> <span class='ocrx_word' id='word_1_246' title='bbox 516 2519 611 2552; x_wconf 86' lang='lat' dir='ltr'>Ibid.</span> <span class='ocrx_word' id='word_1_247' title='bbox 636 2521 680 2553; x_wconf 79' lang='lat' dir='ltr'>V.</span> <span class='ocrx_word' id='word_1_248' title='bbox 714 2521 752 2553; x_wconf 91' lang='grc' dir='ltr'>Β.</span> <span class='ocrx_word' id='word_1_249' title='bbox 789 2520 825 2560; x_wconf 73' lang='grc'>2.</span> <span class='ocrx_word' id='word_1_250' title='bbox 860 2521 912 2556; x_wconf 85' lang='lat' dir='ltr'>St.</span> <span class='ocrx_word' id='word_1_251' title='bbox 947 2533 1027 2568; x_wconf 78' lang='lat' dir='ltr'>pag.</span> <span class='ocrx_word' id='word_1_252' title='bbox 1054 2522 1122 2557; x_wconf 82' lang='grc'>317</span> <span class='ocrx_word' id='word_1_253' title='bbox 1149 2542 1193 2552; x_wconf 89' lang='lat'>—-</span> <span class='ocrx_word' id='word_1_254' title='bbox 1217 2524 1308 2559; x_wconf 69' lang='lat'>354..</span> <span class='ocrx_word' id='word_1_255' title='bbox 1331 2526 1395 2560; x_wconf 82' lang='lat' dir='ltr'>ubi</span> <span class='ocrx_word' id='word_1_256' title='bbox 1425 2532 1552 2562; x_wconf 74' lang='lat' dir='ltr'>tamen.</span> 
     </span>
     <span class='ocr_line' id='line_1_32' title="bbox 227 2579 770 2622; baseline 0.007 -6"><span class='ocrx_word' id='word_1_257' title='bbox 227 2579 396 2617; x_wconf 60' lang='lat' dir='ltr'>Eme-seni</span> <span class='ocrx_word' id='word_1_258' title='bbox 423 2584 526 2621; x_wconf 83' lang='lat' dir='ltr'>nulla</span> <span class='ocrx_word' id='word_1_259' title='bbox 553 2585 595 2620; x_wconf 83' lang='lat' dir='ltr'>[it</span> <span class='ocrx_word' id='word_1_260' title='bbox 619 2586 770 2622; x_wconf 79' lang='lat' dir='ltr'>mentio.</span> 
     </span>
    </p>
   </div>
  </div>
 </body>
</html>
