1773 3032
635 432 718 474 AR
734 430 771 474 G
787 428 1085 474 UMENTU
1100 431 1160 473 Μ.

1535 563 1581 598 Pa
1603 586 1614 597 .

217 632 244 664 Ι.
277 629 405 665 Oratio
434 625 480 664 de
510 629 673 665 adventu
703 637 739 665 ct
770 632 1052 665 annuntiatione
1086 631 1237 664 Joannis
1260 629 1484 674 (Baptistae)
1585 573 1606 609 g

311 701 411 746 apud
439 701 578 735 inferos
605 723 1424 740 ...............
1469 717 1481 732 ι
1588 698 1621 735 3·

203 771 249 803 Π.
280 771 406 805 Oratio
435 772 480 806 de
508 773 725 817 proditione
752 773 871 806 Judae
894 797 901 804 .
960 796 969 804 .
1020 797 1027 803 .
1077 797 1084 804 .
1132 798 1142 808 .
1189 797 1198 809 .
1244 797 1255 808 .
1301 795 1312 808 ..
1359 795 1368 803 .
1414 794 1428 808 .-
1472 793 1484 807 ·
1569 773 1621 803 10-

185 842 248 876 ΙΙΙ.
277 843 404 877 Oratio
423 844 462 877 in
494 856 635 877 sacrum
664 846 877 879 parasceves
889 842 999 886 diem,
1013 842 1154 876 duabus
1176 840 1486 875 editionibusetc.

354 912 481 946 Editio
506 915 621 958 prima
672 936 1360 950 .............
1360 932 1362 934 -
1411 935 1420 945 .
1469 932 1480 946 ⁴
1571 907 1623 940 15-

405 1002 451 1007 -
500 982 672 1016 secunda.
734 1003 1484 1020 ..............
1568 984 1624 1023 29·

199 1051 357 1087 1V.Du0
386 1053 607 1098 Fragmenta
639 1052 684 1085 de
711 1052 799 1085 Jesu
827 1051 962 1085 Christi
988 1064 1145 1097 persona
1192 1076 1485 1089 ......
1570 1045 1626 1086 36.

208 1122 252 1155 V.
282 1123 502 1168 Fragmenta
528 1122 710 1155 nonnulla
739 1123 928 1168 exegetica
958 1132 1003 1154 ex
1029 1121 1174 1154 Catenis
1200 1147 1207 1154 .
1257 1146 1264 1153 .
1297 1147 1326 1157 ..
1372 1144 1380 1152 .
1429 1144 1439 1151 .
1483 1143 1490 1151 .
1569 1116 1625 1156 41.

172 1185 448 1227 Λιῐηοιαεῐοηεε
478 1192 687 1226 historicae
728 1200 764 1225 et
790 1192 1050 1238 philologicae
1074 1191 1114 1224 in
1138 1191 1292 1224 Eusebii
1320 1189 1494 1222 Emeseni

117 1290 133 1317 ,⁴²
263 1263 443 1309 opuscula
447 1283 1487 1300 ...................
1573 1257 1628 1294 57.

177 1333 212 1366 C.
264 1334 289 1366 Ι.
320 1334 375 1366 Dc
403 1332 554 1366 Eusebii
579 1331 753 1365 Emescni
777 1330 854 1366 vita
880 1332 918 1363 et
942 1330 1086 1374 scriptis
1139 1354 1150 1366 .
1193 1353 1200 1362 .
1252 1353 1259 1361 .
1310 1353 1317 1360 .
1364 1351 1374 1361 .
1420 1352 1432 1363 .
1483 1351 1490 1361 .
1570 1324 1616 1359 59

174 1402 211 1434 C.
240 1403 284 1434 ΙΙ.
312 1403 365 1434 Du
387 1400 515 1434 indole
544 1406 582 1434 et
608 1400 822 1434 oeconomia
849 1399 1057 1432 orationum
1082 1397 1379 1430 Eusebianarum.
1429 1422 1437 1428 .
1487 1422 1494 1429 .
1552 1393 1627 1428 102.

174 1473 287 1507 (2111.
316 1472 505 1516 Expositio
532 1471 760 1514 singulorum
786 1475 1008 1502 tractatuum
1037 1474 1075 1500 et
1100 1469 1263 1500 locorum
1313 1493 1321 1500 .
1369 1493 1379 1505 ,
1427 1492 1434 1500 .
1486 1493 1491 1499 .
1551 1464 1626 1499 124.

264 1546 291 1578 I.
320 1544 446 1576 Oratio
479 1543 523 1575 de
555 1542 716 1574 adventu
743 1546 782 1574 et
805 1540 1090 1572 annuntiatione
1117 1539 1267 1571 Joannis
1302 1538 1490 1582 Baptistae

361 1612 462 1657 apud
487 1611 626 1644 inferos
676 1628 1492 1643 ...............
1551 1603 1627 1637 124.

246 1684 291 1719 ΙΙ,
319 1680 447 1714 Oratio
475 1679 521 1713 de
547 1678 759 1725 proditione
785 1677 902 1711 Jndae
908 1698 1491 1711 ...........
1554 1669 1630 1709 145.

229 1752 294 1786 111.
322 1750 450 1783 Oratio
477 1749 515 1781 in
540 1759 679 1781 sacrum
706 1749 918 1781 Paawmeevos
949 1745 1047 1777 diem
1082 1767 1488 1782 ........
1555 1739 1629 1772 148.

341 1821 375 1866 1)
403 1821 457 1853 De
484 1818 626 1852 duabus
651 1818 762 1861 hujus
791 1815 968 1849 oralionis
997 1812 1225 1846 editionibus
1258 1837 1493 1850 .....
1554 1812 1629 1855 148.

342 1879 378 1924 2)
405 1879 459 1910 De
482 1876 660 1910 descensu
679 1874 815 1908 Christi
833 1872 877 1906 ad
905 1872 1041 1904 inferos
1066 1883 1109 1904 ex
1129 1871 1311 1904 sententia
1333 1869 1494 1905 Eusebii,
1554 1870 1628 1904 155,

336 1948 373 1992 3)
398 1947 453 1979 De
471 1956 652 1979 consensu
670 1943 780 1986 hujus
790 1941 968 1975 orationis
987 1953 1068 1973 eum
1079 1940 1274 1985 Evangelio
1286 1939 1492 1974 Nicodemi.
1552 1939 1628 1976 162.

332 2016 375 2061 ll)
402 2016 665 2061 Interpretatio
692 2014 922 2058 singulorum
948 2012 1112 2045 locorum
1140 2017 1177 2045 ct
1199 2011 1462 2047 vocabulorum
1486 2037 1492 2043 .
1553 2008 1627 2052 169.

215 2090 275 2127 W,
304 2089 386 2122 Duo
416 2087 620 2131 fragmenta
649 2085 694 2118 de
722 2085 807 2118 Jcsu
836 2083 970 2116 Christi
1001 2093 1157 2127 persona
1205 2107 1497 2119 ......
1555 2078 1630 2114 176.

181 2160 218 2193 C..
249 2157 309 2192 IV.
336 2155 532 2202 Appentlix
560 2155 845 2200 fragmentorum
872 2152 1145 2196 exegeticon-um
1195 2177 1206 2189 .
1252 2178 1261 2185 .
1309 2178 1319 2189 ,
1389 2149 1455 2183 184
1483 2171 1525 2177 —
1555 2148 1630 2184 191.

311 2228 352 2261 A.
383 2227 602 2272 Fragmenta
628 2225 818 2268 exegetica
845 2223 883 2257 in
913 2221 1207 2254 pentateuchum
1255 2245 1489 2256 .....
1552 2219 1624 2258 185,

320 2299 358 2331 Β,
502 2314 543 2322 .-
688 2314 733 2321 -
850 2293 888 2325 in
917 2291 961 2327 N.
995 2291 1037 2324 T.
1092 2316 1329 2328 .....
1394 2289 1458 2324 187
1486 2308 1524 2316 -
1557 2289 1634 2324 189.
