1773 3032
724 154 1020 199 *119—

140 275 376 317 rcfutandis
403 275 740 316 Haereticorum
770 275 1086 326 err01¹ihus,[ita
1114 283 1161 315 ut
1190 276 1474 329 plurimorum
1515 289 1604 317 ser-

138 364 284 390 mones
315 349 371 389 nil
401 348 494 389 fere
525 350 635 401 sint,
676 364 799 404 quam
839 349 1012 404 prologi
1051 357 1095 388 et
1138 349 1298 403 epilogi
1340 350 1493 404 galeati
1534 350 1604 391 ad-

140 437 288 464 versus
318 423 587 463 Haereticos.
643 423 709 463 Ab
738 423 815 462 hac
844 431 983 463 tamen
1012 422 1319 462 consuetudine
1367 424 1494 477 longe
1533 423 1605 464 ab·

138 495 289 535 horret
317 497 500 547 Noster,
540 496 699 536 nullum
742 496 1021 535 Haereticum
1061 495 1103 534 in
1144 497 1328 536 medium
1359 494 1604 551 proferens,

137 579 181 611 et
220 586 304 611 non
354 571 670 621 α’ντίθετικως,
718 570 792 609 sed
820 570 1037 621 θετικῶς,
1091 569 1319 611 veritatem
1366 569 1603 611 adstruens.

136 644 233 706 Quo
267 644 378 685 sacto
411 644 509 687 aliis,
528 644 709 685 brevior
739 657 831 683 esse
862 643 1016 698 potuit.

242 721 289 773 3)
322 719 567 772 Scripturae
597 730 754 769 sacrae,
768 731 891 772 quam
919 731 1004 756 non
1032 716 1277 771 allegorice,
1295 716 1371 755 sed
1398 716 1603 758 historice

135 795 472 848 interpretatur,
517 793 636 832 locos
668 805 753 831 non
797 804 897 830 raro
944 799 987 830 et
1024 791 1205 844 passim,
1251 790 1330 830 sed
1360 803 1532 844 semper
1561 797 1606 830 et

137 870 189 909 de
221 867 420 908 continuo
452 866 670 916 laudatos,
701 878 787 904 non
828 863 924 904 fuse
957 873 1291 916 commentatur,
1331 864 1408 904 sed
1447 865 1604 920 simpli-

136 944 245 983 citer
287 942 439 997 allegat
483 949 525 980 et
575 940 689 980 nudo
736 953 887 979 eorum
936 940 1070 978 utitur
1118 938 1377 979 testimonio.
1446 939 1603 979 Unicus

135 1025 200 1056 est
245 1017 361 1054 locus
406 1013 526 1054 Orat.
567 1015 598 1052 I.
640 1027 736 1067 pag.
776 1014 815 1053 8.
859 1011 932 1052 ubi
970 1012 1102 1053 verba
1143 1025 1167 1051 e
1210 1012 1357 1052 Matth.
1387 1014 1495 1065 XII,
1541 1019 1602 1061 14.

104 1090 322 1144 -allegata,
363 1087 512 1139 brevi,
563 1087 639 1127 sed
681 1087 900 1142 ingeniosa
939 1088 1208 1127 annotatione
1248 1085 1452 1126 illustrat:
1509 1086 1605 1130 Καὶ

133 1163 271 1221 βλέπε
300 1187 355 1194 —-
380 1187 436 1195 —-
462 1186 515 1193 —-
545 1185 596 1193 —-
626 1155 738 1203 α’λλεέ
769 1154 1019 1217 συμβέλιον
1049 1160 1290 1217 ἒλαβον;
1321 1161 1531 1211 nimirum,
1555 1172 1603 1202 ut

130 1238 422 1293 intelligatur,
451 1236 634 1277 ,Iudaeos
664 1250 749 1276 non
778 1244 930 1290 sponte
961 1251 1061 1288 sua,
1098 1236 1174 1276 sed
1203 1235 1389 1275 Diabolo
1433 1235 1603 1291 instiga-

131 1321 252 1364 tore,
282 1312 507 1364 malignum
534 1310 618 1351 hoc
647 1311 812 1364 cepisse
845 1311 1080 1350 consilium.

242 1388 289 1439 4)
321 1387 438 1426 Idem
477 1399 562 1425 non
601 1394 709 1425 amat
750 1385 1094 1440 phraseologiam
1136 1395 1178 1426 et
1219 1380 1478 1441 περισσείαν
1513 1382 1603 1424 τῶν

134 1453 308 1516 λόγωνς
340 1460 470 1500 evitat
510 1461 657 1514 longas
687 1467 730 1499 et
760 1460 1004 1499 artificiosas
1033 1460 1238 1513 periodos
1285 1456 1602 1511 verborumque

133 1541 377 1575 structuras.
451 1533 557 1572 Mira
598 1534 639 1572 ei
666 1533 788 1584 ,inest
828 1534 1087 1572 concinnitas
1119 1542 1162 1573 et
1190 1531 1470 1587 parsimonia,
1521 1544 1603 1584 qua

130 1616 269 1648 tamen
309 1619 395 1646 non
434 1606 490 1646 ita
531 1605 747 1658 abutitur,
789 1614 837 1646 ut
878 1606 949 1646 fiat
990 1608 1106 1661 juxta
1138 1613 1280 1646 notam
1311 1605 1422 1645 illam
1446 1613 1600 1659 poetae

134 1681 405 1722 sententiam:

346 1754 499 1794 Brevis
531 1768 624 1795 esse
652 1754 829 1804 laboro;
860 1754 1067 1794 obscurus
1096 1752 1167 1793 fio.

242 1828 329 1868 Sed
371 1829 514 1882 potius
561 1828 700 1868 ubivis
757 1837 936 1883 apparet
984 1828 1267 1882 perspicuitas
1308 1837 1354 1867 et
1401 1826 1602 1866 naturalis

136 1902 339 1955 quaedam
379 1901 546 1942 dicendi
587 1902 782 1942 facilitas.
854 1902 1008 1943 Omnia
1039 1916 1145 1957 quae
1174 1899 1359 1955 profert,
1390 1902 1600 1941 concitato

136 1976 254 2030 quasi
284 1976 485 2017 incedunt
525 1976 665 2031 pede,
696 1986 739 2017 et
775 1976 1001 2018 methodus
1041 1968 1285 2032 ζητητική,
1333 1989 1415 2029 qua
1452 1973 1602 2023 utitur,

133 2049 310 2088 multum
341 2050 512 2090 confert
542 2050 593 2090 ad
622 2050 855 2104 augendam
884 2051 979 2104 styli
1004 2051 1272 2091 vivacitatem
1301 2059 1427 2104 atque
1457 2049 1603 2089 alacri·

130 2129 271 2162 tatem.
328 2125 396 2163 De
428 2124 671 2165 Graecitate
690 2154 701 2176 ,
732 2134 937 2179 quatenus
969 2126 1079 2178 apud
1109 2125 1316 2165 Nostrum
1347 2123 1526 2178 propria
1556 2131 1602 2164 et

130 2194 350 2248 singularis
380 2209 474 2236 esse
505 2197 690 2248 videtur,
707 2197 749 2236 in
780 2197 1056 2252 sequentibus
1087 2198 1307 2248 nonnulla,
1323 2197 1425 2237 licet
1453 2210 1600 2251 pauca,

130 2268 404 2321 proferemus
435 2271 640 2325 exempla.

239 2343 460 2396 Superest,
488 2353 534 2384 ut
562 2354 737 2400 praeter
770 2346 850 2396 illa,
884 2361 990 2402 quae
1032 2347 1084 2386 de
1130 2346 1486 2401 interpretatione
1515 2357 1601 2385 non

131 2416 359 2470 allegorica
417 2420 492 2459 sed
548 2421 751 2462 historica
800 2422 1036 2462 monuimus
1057 2454 1068 2473 ,
1117 2437 1202 2478 quo
1258 2423 1386 2462 modo
1441 2423 1601 2461 Noster

131 2490 385 2544 scripturam
432 2507 589 2533 sacram
629 2495 816 2550 alleget,
848 2497 995 2549 paucis
1035 2496 1235 2536 dicamus,
1304 2494 1503 2547 Saepisse
1542 2493 1599 2533 ci-

132 2570 194 2603 tat
233 2564 350 2606 locos
389 2575 474 2606 tam
524 2569 708 2619 veteris,
759 2583 881 2623 quam
934 2572 1034 2609 novi
1075 2568 1335 2608 Testamenti
1381 2576 1427 2607 et
1465 2568 1508 2607 in
1544 2581 1598 2607 eo

129 2651 300 2694 quoque
331 2640 523 2697 sequitur
546 2657 718 2684 morem
748 2644 1029 2698 ‘antiquorum
1070 2643 1321 2694 doctorum,
1367 2642 1484 2697 quod
1512 2641 1601 2681 nul·
