1913 3073
654 166 918 207 -91-

179 284 245 323 111.
304 285 345 322 In
376 283 504 322 dubio
533 292 690 333 manet,
720 293 858 324 utrum
888 285 1092 339 scriptum
1123 285 1514 324 adversus-Iudae·-

71 371 121 396 οε
139 366 177 394 et
191 358 377 395 Gentiles
409 356 461 394 sit
491 370 616 395 unum
650 370 755 409 opus
785 356 983 397 adversus
1013 365 1236 411 utrumque
1250 357 1415 396 hostem
1445 371 1513 397 re-

67 428 233 481 ligionis
263 427 364 477 clun,
394 429 448 467 ita
477 436 522 467 ut
552 429 671 466 simul
701 437 744 468 et
772 438 918 468 contra
946 430 1126 469 Judaeos
1157 437 1199 468 et
1228 437 1372 468 contra
1402 430 1514 470 Gen-

62 500 162 539 tiles
191 500 467 552 Apologctnm
507 508 665 554 ageret.
736 500 955 554 Ejusmodi
1005 500 1327 540 combinationis
1373 509 1513 542 autem

67 571 179 625 apud
210 579 374 610 veteres
418 579 512 610 sunt
551 572 738 624 exempla
777 573 1007 623 rarissima,
1047 574 1115 613 vel
1153 573 1286 624 nulla3
1315 573 1454 628 itaque
1476 573 1513 613 si

68 657 122 683 ex
149 658 269 684 more
300 652 499 683 consueto
529 658 597 682 res
628 643 911 697 dijudicanda,
943 644 1149 684 Eusebius
1170 646 1274 685 duos
1299 648 1514 700 conscrip-

65 715 119 755 sit
147 714 303 763 libros,
345 729 523 770 quorum
562 729 646 754 uno
679 716 886 767 Judaeos,
916 718 1048 756 altero
1081 718 1269 758 Gentiles
1298 720 1514 773 impugna-

66 790 128 828 vit
157 789 198 840 ³¹²)
257 787 386 826 Liber
419 788 616 826 adversus
648 788 828 827 Judaeos
857 789 1099 842 potiorem,
1127 798 1175 830 ut
1205 790 1388 841 videtur,
1417 804 1516 830 con·

67 870 238 900 secutus
267 869 331 899 est
359 861 549 909 laude1n3
596 860 761 913 saepius
792 861 900 900 enim
930 876 952 900 a
995 862 1272 915 scriptoribus
1304 862 1514 918 sequioris

66 934 159 974 aevi
190 946 228 972 e.
258 947 320 987 gr.
351 933 595 972 Ehed—Jesu
624 932 798 986 aliisque
828 934 993 974 citatur.
1048 934 1233 974 Periisse
1262 944 1425 986 tamen,
1447 949 1516 975 ae·

65 1019 148 1061 que
186 1019 232 1045 ac
271 1005 379 1044 liber
422 1013 567 1044 contra
606 1005 818 1056 Gentiles,
859 1006 1116 1058 credendus,
1157 1021 1250 1047 cum
1289 1002 1420 1064 λόγος
1451 1009 1513 1054 εἷς

63 1077 141 1126 τές
166 1072 369 1128 Ἰεὸαίες,
401 1079 467 1117 vel
497 1072 897 1133 κατασυλλογισμός
926 1072 1037 1134 πρός
1067 1073 1142 1126 τές
1169 1078 1367 1131 ’Ῐεδειι’3ς,
1390 1094 1517 1136 quem

64 1153 346 1200 Lambecius,
375 1153 655 1191 Assemanius
683 1151 836 1205 aliique
864 1151 1052 1201 laudant,
1080 1165 1165 1192 non
1204 1153 1258 1192 sit
1296 1152 1409 1192 liber
1436 1153 1518 1193 sin·

67 1226 245 1281 gularis,
280 1225 355 1265 sed
384 1224 520 1263 oratio
551 1223 720 1275 eadem,
751 1239 856 1278 quae
887 1224 1011 1264 etiam
1040 1223 1116 1263 sub
1145 1225 1290 1265 titulo:
1321 1226 1518 1266 Homilia

68 1300 119 1339 cle
146 1299 265 1337 Juda
295 1298 518 1352 proditore
547 1305 707 1347 exstat,
738 1307 781 1338 et
811 1297 862 1336 de
892 1311 971 1351 qua
1000 1295 1110 1336 infra
1138 1296 1388 1337 videbimus.

177 1372 248 1414 IV.
304 1371 436 1410 Liber
466 1371 678 1410 adversus
708 1372 998 1420 Novatz‘cznos,
1014 1377 1189 1422 praeter
1215 1369 1520 1422 Hieronymum

67 1433 90 1486 ἐι
119 1445 286 1484 nemine
317 1444 480 1484 citatur.
536 1443 583 1481 In
611 1451 793 1481 mentem
821 1441 1038 1493 veniebat,
1068 1456 1119 1480 an
1154 1440 1333 1482 fortasse
1365 1443 1517 1481 Mani-

68 1521 222 1559 chaeos
262 1517 357 1555 loco
388 1516 671 1554 Navatianos
714 1514 768 1553 sit.
804 1513 1059 1567 legendum?
1102 1512 1310 1552 Eusebius
1348 1514 1517 1567 scripsit

69 1600 217 1633 contra
247 1588 530 1629 flIaniclzaeos
559 1592 627 1634 (ut
657 1586 949 1638 ostendimus),
980 1594 1023 1625 et
1052 1599 1172 1625 eausa
1202 1600 1293 1625 cnm
1322 1586 1517 1626 Nox-atia-

66 1664 198 1704 nianis
229 1660 440 1701 saeculum
487 1660 658 1698 tertium
694 1657 970 1697 ‘turbantibus
1001 1658 1084 1698 hoc
1113 1672 1217 1699 aevo
1247 1659 1417 1712 explosa
1444 1658 1516 1698 ha-

65 1737 161 1777 beri
203 1742 361 1789 posset.
419 1732 501 1771 Ser]
543 1730 806 1770 falsissimum
849 1729 943 1770 hoc.
1000 1732 1103 1768 Nam
1145 1743 1197 1768 ex
1235 1744 1319 1785 quo
1353 1731 1513 1771 Concil.

67 1811 156 1849 Nic.
205 1821 291 1847 can.
335 1807 442 1847 VIII.
498 1803 790 1857 receptionem
839 1802 1167 1842 Novatianorum
1206 1817 1237 1842 s.
1277 1802 1514 1858 Ιζαθαριῦν

67 1888 355 1925 concesserat,
385 1887 426 1918 et
457 1892 507 1917 ex
536 1890 618 1931 qno
651 1876 779 1928 (teste
811 1874 984 1915 Socrate
1015 1884 1057 1915 et
1087 1875 1347 1928 Sozomeno)
1377 1876 1516 1915 'Nova-

66 1955 166 1995 tiani
207 1967 300 1993 cun-1
344 1948 648 1989 Homousiastis
687 1962 779 1986 rem
825 1961 1089 1987 communem
1132 1945 1346 1997 fecerant,
1377 1948 1434 1987 ita
1465 1958 1515 1989 ut

68 2026 225 2067 Concil.
256 2023 424 2063 Laodic.
458 2036 543 2060 can.
576 2021 660 2059 VII.
696 2034 804 2060 nova
850 2020 917 2059 lex
948 2029 1095 2058 contra
1124 2021 1388 2061 coalitionem
1419 2035 1514 2061 cum

66 2101 146 2140 illis
187 2105 296 2138 esset
336 2094 533 2143 ferenda,
582 2092 686 2132 haec
726 2094 1017 2132 controversia
1054 2092 1190 2131 denuo
1221 2092 1264 2131 in
1293 2092 1512 2132 ecclesiam

69 2180 160 2212 erat
188 2170 445 2218 introducta,
474 2181 553 2207 nec
582 2182 603 2206 a
638 2165 815 2204 veritate
845 2163 1070 2215 abhorret,
1106 2164 1337 2204 Eusebium
1368 2174 1514 2205 contra

66 2245 193 2284 hosce
225 2240 516 2282 Schismaticos
546 2240 694 2292 stylum
723 2237 949 2277 strinxisse.
1006 2239 1052 2279 In
1079 2237 1248 2292 integro
1276 2238 1405 2293 igitur
1424 2246 1514 2278 tex-

66 2326 134 2358 tus
163 2314 408 2367 Hieronymi
437 2313 662 2356 habendus,

135 2495 172 2539 ⁶³)
198 2495 471 2527 Centuriamrcs
505 2495 744 2539 Magdcburg.
787 2494 935 2528 Centur.
973 2493 1033 2527 IV.
1071 2506 1106 2539 p.
1150 2491 1237 2526 1474
1279 2498 1318 2526 et
1358 2505 1392 2538 p.
1424 2490 1512 2524 1338

201 2558 292 2591 ‹lnos
334 2558 497 2591 diversos
536 2560 705 2593 Emcscni
748 2559 863 2593 libros
900 2564 1088 2600 statuunt,
1115 2564 1170 2593 ct
1195 2558 1266 2591 hoc
1292 2557 1510 2601 Hieronymi

203 2623 417 2656 testimonio
447 2629 610 2657 utuntur.
