1867 3053
896 170 1189 215 -100-

311 292 590 347 qualicunque
623 292 777 331 merito
809 290 862 331 de
879 293 1090 332 Emeseno
1122 299 1242 332 antea
1269 304 1445 346 prorsus
1474 292 1671 346 neglecto
1691 291 1762 332 ad-

311 367 426 421 jecit.
487 368 584 406 Hoc
630 366 798 405 unicum
847 365 978 415 addo,
1018 377 1268 405 consensum
1308 365 1398 420 ejus
1427 366 1469 405 in
1508 365 1668 420 judicio
1709 365 1763 405 de

310 440 421 479 libro
448 441 619 480 Eusebia·
651 440 864 479 adversus
893 438 1115 486 Judaeos,
1149 438 1201 476 de
1232 451 1314 492 quo
1348 448 1475 492 supra
1514 438 1763 480 sententiam

308 525 444 554 meam
476 525 778 568 exposueram,
807 511 910 551 mihi
943 525 1035 551 esse
1067 518 1231 565 gratum
1263 518 1386 565 atque
1421 519 1679 564 exoptatum.

415 606 543 645 Plura
572 606 626 644 de
654 618 837 659 persona
867 611 909 643 et
938 602 1108 657 scriptis
1130 600 1306 641 Eusebii
1334 601 1469 641 nostri
1497 614 1582 641 non
1609 601 1764 656 habeo,

305 678 592 731 maximopere
622 679 876 727 laetaturus,
907 676 941 715 si
969 677 1036 716 vir
1065 674 1213 730 aliquis
1242 674 1403 725 doctus,
1431 675 1554 730 plura
1595 684 1638 716 et
1675 689 1763 716 me-

304 750 412 791 liora
443 750 544 790 dare
575 759 645 789 aut
677 751 805 791 vellet
833 759 902 789 aut
933 757 1089 803 posset.

417 841 546 901 Quod
587 851 728 882 autem
767 841 819 881 ad
865 841 1199 896 qualemcunque
1243 849 1428 880 nostram
1469 838 1764 880 collectionem

307 917 610 970 opusculorum
639 915 977 955 Eusebianorum
1008 914 1172 965 attinet,
1202 915 1341 954 statim
1370 921 1559 968 apparet,
1579 911 1763 969 triplicis

307 1000 397 1028 eam
426 989 594 1042 generis
625 987 826 1041 opuscula
858 987 1106 1026 continere:

382 1082 434 1134 ι.)
466 1080 742 1129 Homz'leticcz,
773 1079 813 1118 h.
841 1092 877 1117 e.
897 1087 999 1121 *tres
1031 1078 1258 1128 orationes,
1289 1093 1373 1118 non
1400 1080 1613 1121 diversum
1641 1093 1764 1134 argu-

467 1161 655 1192 mentum
682 1160 940 1203 tractantes,
980 1151 1055 1192 sed
1082 1150 1310 1208 τριλογιάν
1348 1151 1633 1192 homileticam
1673 1149 1765 1191 effi-

472 1227 646 1268 cientes.

373 1321 433 1375 2.)
467 1321 753 1374 Dogmatica,
784 1333 815 1359 s.
850 1319 933 1359 duo
964 1318 1200 1373 fragmenta
1228 1334 1251 1359 a
1278 1318 1556 1359 Theodoreto
1586 1325 1765 1368 servata,

474 1392 626 1450 quibus
657 1407 754 1446 pars
787 1394 990 1447 quaedam
1019 1393 1238 1433 doctrinae
1270 1393 1323 1433 de
1352 1394 1455 1433 Jesu
1482 1391 1639 1432 Christi
1669 1403 1768 1445 per-

471 1479 573 1506 sona
605 1465 848 1520 exponitur.

374 1558 435 1612 3.)
467 1559 702 1612 Exegetica
713 1588 729 1606 ,
758 1572 792 1597 s.
823 1558 1038 1611 Excerpta
1065 1556 1263 1597 nonnulla
1291 1569 1344 1596 ex
1373 1554 1541 1595 Catenis
1578 1555 1767 1604 Patrum,

473 1645 580 1687 quae
610 1630 687 1671 sub
718 1629 894 1669 Eusebii
923 1629 1093 1668 nomine
1121 1629 1246 1682 plura
1276 1627 1644 1683 interpretationis
1672 1639 1771 1681 spe-

475 1704 626 1745 cimina
653 1703 896 1752 continent,
924 1703 976 1742 de
1007 1702 1158 1756 quibus
1202 1711 1342 1742 tamen
1387 1716 1472 1743 non
1515 1716 1568 1742 ex
1604 1699 1768 1756 liquido

475 1785 662 1826 constat,
690 1785 832 1816 utrum
861 1776 1086 1828 Emeseni,
1125 1789 1177 1815 an
1218 1775 1392 1815 alterius
1433 1774 1647 1830 cujusdam
1688 1773 1770 1812 sint

479 1851 671 1892 Eusebii.

426 1955 619 2018 Quilibet
646 1954 784 1995 statim
813 1953 1004 2005 videbit,
1042 1953 1244 2008 opuscula
1285 1951 1528 1993 homiletica
1571 1962 1673 2004 prae
1704 1960 1772 1988 ce-

318 2030 424 2071 teris
453 2030 495 2069 in
525 2043 695 2070 censum
723 2029 871 2071 venire
900 2036 943 2068 et
967 2028 1207 2082 principem
1236 2025 1430 2066 obtinere
1469 2025 1607 2063 locum
1624 2054 1640 2074 ,
1679 2036 1774 2062 cum

322 2105 560 2160 dogmatica
586 2102 708 2141 nimis
741 2101 824 2141 sint
853 2101 999 2142 brevia
1030 2109 1155 2155 atque
1187 2099 1329 2151 exilia,
1373 2096 1590 2151 exegetica
1635 2104 1774 2135 autem

324 2175 449 2215 dubia
479 2183 521 2214 et
551 2182 758 2227 suspecta.
816 2174 1050 2213 Praeterea
1078 2181 1174 2212 sunt
1214 2171 1466 2226 fragmenta,
1506 2168 1619 2225 quod
1660 2168 1773 2206 idem

323 2248 436 2290 valet
467 2247 518 2286 de
552 2246 812 2300 dogmaticis,
844 2259 866 2285 e
900 2245 1050 2300 quibus
1080 2244 1283 2299 genuinus
1313 2244 1535 2297 scriptoris
1560 2242 1775 2282 character

325 2321 538 2362 difficilius
567 2320 833 2373 agnoscitur,
864 2334 985 2373 quam
1019 2332 1069 2358 ex
1099 2317 1356 2358 orationibus
1396 2315 1571 2369 integris
1604 2322 1647 2353 et
1678 2325 1776 2353 con·

326 2398 468 2438 tinuis.
525 2395 601 2433 His
631 2393 771 2446 itaque
801 2392 946 2444 potior
976 2401 1119 2432 nostra
1148 2404 1248 2430 cura
1279 2390 1361 2429 erit
1390 2386 1625 2428 tribuenda.

437 2467 674 2508 Genuinum
714 2463 889 2503 Eusebii
927 2463 1124 2502 Phneseni
1165 2476 1271 2517 opus
1315 2474 1406 2500 esse
1448 2459 1658 2500 orationes
1702 2468 1778 2494 no-

330 2551 462 2591 stras,
492 2556 586 2581 cum
614 2532 845 2581 Lambecto
883 2539 1055 2592 aliisque
1094 2538 1195 2578 viris
1235 2538 1392 2585 doctis,
1431 2533 1568 2573 nullus
1614 2529 1777 2569 dubito.

330 2615 602 2668 Argumentis
652 2621 792 2653 tamen
847 2612 1031 2651 externis
1077 2610 1213 2649 minus
1264 2609 1537 2649 tribuendum
1585 2603 1781 2654 videtur,
