1913 3073
670 147 937 190 --63-

188 268 336 323 Neque
364 266 500 307 solum
531 266 574 306 in
606 265 670 305 hia
703 267 858 306 sustitit
880 265 1137 322 optimorum
1168 266 1358 307 virorum
1386 266 1536 307 soller-

86 341 170 391 tia3
202 334 277 380 sed
308 339 432 380 etiam
461 335 776 393 diligentissime
807 352 973 380 omnem
1004 339 1198 379 codicum
1220 355 1302 380 mss
1325 354 1388 394 gr.
1405 339 1536 380 theol.

84 411 390 467 supellectilem
431 424 483 452 eo
524 410 700 450 consilio
742 412 1147 466 perlustrarunt‚ut
1179 412 1231 452 de
1265 413 1538 467 quaestione:

84 495 225 525 utrum
280 485 322 523 in
353 481 636 531 {Bibliotheca
682 482 1004 526 Vindobonensi
1055 484 1191 525 adhuc
1240 485 1316 524 alia
1363 484 1540 524 Eusebii

83 557 219 598 nostri
260 557 413 596 lateant
457 554 684 609 λείψαναῖ
735 556 893 596 certius
946 571 1071 612 quam
1119 566 1260 608 antea,
1314 566 1540 598 constaret.

83 630 150 669 De
195 643 276 684 qua
316 628 487 684 quidem
527 641 575 668 re
615 641 712 669 cum
739 628 860 675 ssinfra
899 629 1093 684 pluribus
1133 631 1188 672 sit
1231 629 1542 685 disputandum,

84 701 270 742 sufficiat
320 702 402 741 hoc
446 701 542 741 loco
573 700 732 741 afferre
762 702 985 757 utriusque
1017 703 1099 744 viri
1138 703 1254 744 docti
1282 702 1545 754 sententiam,

85 789 187 830 qua,
231 782 404 829 praeter
449 773 663 813 orationes
711 772 932 813 nobiscum
979 777 1327 826 communicatas,
1384 776 1545 815 nullum

83 847 197 888 aliud
226 846 405 887 Eusebii
432 846 631 886 Emeseni
660 846 912 900 opusculum
941 861 1166 902 superesse
1198 857 1361 902 putant.

192 920 313 983 Quae
362 933 457 961 cum
510 920 568 959 ita
608 918 719 969 sint,
770 931 952 974 cumque
994 920 1108 959 nulla
1156 919 1249 960 fere
1294 921 1403 960 adsit
1449 933 1547 974 spes

83 993 208 1049 plura
246 992 425 1034 Eusebii
453 990 688 1045 fragmenta
725 991 967 1041 inveniendi
1004 993 1118 1046 (nam
1147 994 1240 1047 ipse
1281 993 1547 1033 felicissimus

85 1066 222 1106 nostri
250 1067 344 1106 aevi
369 1074 598 1119 repertor,
626 1065 816 1125 Angelus
845 1066 994 1117 ,Mczjus
1011 1095 1022 1115 ,
1052 1065 1105 1104 ad
1130 1064 1243 1105 hunc
1270 1078 1405 1121 usque
1436 1066 1550 1105 diem

80 1135 226 1194 'neque
269 1137 496 1178 Mediolani
537 1152 676 1193 neque
716 1140 877 1178 Romae
915 1137 1073 1192 aliquid
1117 1138 1443 1192 deprehendere
1473 1150 1552 1191 po-

87 1211 214 1261 tuit):
247 1210 468 1251 consilium
496 1219 688 1250 nostrum
725 1210 778 1250 de
811 1210 1058 1264 colligendis
1098 1219 1224 1266 atque
1256 1210 1431 1250 edendis
1463 1224 1553 1249 om-

86 1283 209 1324 nibus
253 1283 431 1323 Eusebii
479 1284 672 1339 reliquiis
724 1283 880 1323 diutius
934 1281 1113 1324 differre
1163 1285 1387 1324 noluimus.
1458 1284 1554 1322 Non

86 1357 216 1397 multa
245 1365 365 1408 sunt,
407 1368 514 1410 quae
546 1357 751 1410 colligere
780 1357 1023 1411 potuimus3
1071 1357 1147 1397 sed
1177 1365 1323 1397 nostra
1352 1354 1553 1411 profecto

86 1442 173 1469 non
200 1426 357 1469 sactum
387 1436 452 1468 est
479 1428 614 1482 culpa.
672 1428 759 1488 Qui
787 1429 919 1483 igitur
946 1430 1068 1484 plura
1087 1481 1089 1483 ι
1108 1429 1433 1478 desiderabunt,
1465 1442 1553 1468 non

89 1514 191 1551 nos,
233 1502 309 1541 sed
348 1500 508 1551 fatum,
553 1501 671 1556 quod
707 1502 829 1556 plura
859 1501 1106 1555 denegavit,
1136 1510 1345 1542 accusent.
1403 1502 1556 1542 Trilo-

87 1574 210 1627 giam
254 1582 373 1613 certe
421 1588 595 1613 sacram
644 1581 688 1614 et
728 1574 1023 1614 dranmticam
1064 1575 1238 1615 exhibet
1277 1575 1380 1614 haec
1422 1574 1555 1614 editio

88 1654 255 1696 nostra,
287 1660 393 1701 quae
442 1645 661 1703 hucusque
692 1642 809 1696 ἅπαξ
835 1641 1083 1703 λεγόμενον
1125 1647 1231 1698 fuit,
1263 1660 1457 1702 quaeque
1487 1647 1559 1687 vel

91 1731 143 1758 eo
179 1719 348 1758 nomine
389 1733 473 1758 non
511 1721 632 1774 parvi
662 1721 914 1761 aestimanda
953 1720 1148 1771 videtur,
1183 1720 1298 1775 quod
1327 1721 1369 1759 in
1400 1734 1446 1759 ea
1478 1720 1560 1759 ori-

91 1790 209 1845 gines
240 1792 490 1832 comoediae
519 1794 726 1844 divinae,
763 1809 845 1849 qua
874 1803 1044 1836 veteres
1076 1793 1305 1833 Christiani
1333 1801 1560 1846 tantopere

92 1864 435 1914 delectabantur,
467 1865 849 1920 deprehendamus.

201 1938 369 1977 Primae
413 1938 589 1978 Eusebii
619 1940 819 1979 Emeseni
850 1936 1027 1979 editioni
1066 1938 1264 1978 nonnulla
1311 1937 1364 1978 de
1404 1938 1488 1978 vita
1518 1945 1564 1978 et

94 2010 263 2064 scriptis
298 2009 422 2050 huius
452 2011 533 2051 viri
565 2012 788 2066 singularis
818 2012 1129 2066 praemittenda
1159 2025 1251 2051 esse
1283 2010 1495 2051 videntur.

200 2080 358 2133 Liber,
401 2097 552 2138 quem,
595 2093 642 2123 ut
683 2086 765 2140 jam
808 2086 992 2135 dictum,
1026 2085 1245 2137 Georgius
1273 2083 1569 2124 Laodicensis

97 2153 149 2193 de
179 2154 366 2193 Eusebio
399 2157 656 2209 scripserat,
686 2172 772 2197 non
802 2158 853 2196 ad
883 2166 1028 2196 nostra
1060 2157 1177 2197 venit
1217 2166 1425 2209 tempora.
1483 2159 1568 2195 Ex-

97 2234 244 2280 cerpta
290 2228 489 2267 nonnulla
519 2242 571 2267 ex
601 2243 652 2269 eo
686 2230 897 2269 dederunt
925 2232 1131 2269 Socrates
1161 2230 1255 2268 hist.
1289 2230 1390 2267 eccl.
1431 2229 1502 2267 lib.
1537 2229 1569 2267 1.

97 2312 132 2338 c.
170 2299 231 2340 13.
265 2308 308 2339 et
335 2300 408 2339 lib.
443 2302 494 2338 II.
527 2314 562 2340 c.
597 2302 634 2342 ί).
665 2318 703 2355 7.
735 2311 778 2342 et
818 2304 1081 2342 Sozomenus
1112 2304 1213 2342 hist.
1246 2302 1348 2341 eccl.
1393 2300 1464 2340 lil).
1498 2301 1568 2340 ΙΙΙ.

97 2383 132 2409 c.
169 2373 204 2411 5.
239 2372 312 2422 (al.
344 2386 378 2412 c.
409 2372 467 2425 6).
543 2376 723 2414 Praeter
768 2375 845 2414 hos
889 2375 940 2414 de
973 2390 1023 2415 eo
1058 2375 1234 2429 exponit
1273 2374 1573 2413 'l‘lzeodoretus

95 2442 262 2496 Dialog.
294 2446 361 2483 ΙΙΙ.
395 2446 490 2484 coll.
522 2449 699 2487 Haeret.
735 2446 858 2486 {abul-
907 2447 978 2487 lib.
1009 2451 1039 2487 I.
1076 2450 1137 2501 (in
1170 2448 1300 2500 fine),
1335 2455 1375 2485 et
1406 2447 1572 2486 Hiero-

99 2530 252 2567 nymus
280 2516 321 2556 in
353 2518 463 2557 libro
498 2519 549 2557 de
582 2520 683 2558 viris
724 2519 874 2558 illustr.
908 2534 945 2560 c.
976 2535 1040 2576 91.
1077 2520 1172 2559 coll.
1208 2533 1242 2558 c.
1291 2533 1376 2573 εις).
1411 2533 1445 2558 c.
1486 2534 1572 2572 mc).

100 2589 161 2642 (in
192 2591 395 2631 Fabricii
423 2590 627 2632 Biblioth.
660 2592 810 2632 eccles.
841 2593 994 2632 Hamb.
1031 2607 1146 2647 1719.
1177 2592 1205 2631 f.
1230 2607 1271 2646 p.
1310 2594 1481 2645 1780—-
1500 2593 1571 2644 81)
