1773 3032
821 173 1115 220 &103-

246 298 411 352 saepius
439 297 492 338 de
518 295 739 336 sententiis
750 294 1085 348 judaizantibus
1106 307 1246 335 sermo
1265 301 1346 344 est,
1364 301 1407 335 et
1419 291 1691 333 famosissima

243 370 426 411 formula
455 371 643 411 Nestorii
671 363 973 426 Χριστοτόκος
1003 370 1211 424 originem
1249 383 1364 409 suam
1390 367 1518 408 habet
1546 368 1589 407 in
1629 368 1692 407 in-

241 444 550 497 terpretatione
580 444 647 483 illa
675 437 766 485 uav'
797 441 1009 499 ἱστορίαν.
1075 443 1141 481 En
1179 442 1310 496 igitur
1348 441 1550 479 Nostrum
1579 449 1694 480 ante·

242 527 457 556 cessorem
480 524 525 556 et
554 517 670 570 quasi
701 517 852 556 ducem
881 515 1280 566 controversiarum,
1299 513 1451 569 quibus
1479 514 1691 554 saeculum

237 588 428 643 quintum
457 597 683 644 tantopere
712 589 796 630 fuit
824 589 1039 630 turbatum
1064 589 1073 634 Ξ

345 662 430 701 Sed
460 663 582 703 latius
611 664 741 704 illud:
771 666 1008 705 historiam
1038 673 1230 712 secutus,
1261 676 1384 718 quam
1414 661 1459 700 in
1478 673 1691 714 exponen-

237 734 300 775 dis
331 734 384 774 de
414 735 583 775 Christo
612 733 845 788 vaticiniis,
875 745 1025 791 patere
1053 735 1301 792 putaverim.
1357 735 1425 774 Ex
1450 733 1586 773 tribus
1614 746 1690 773 no-

236 807 335 846 stris
365 808 626 849 orationibus
656 809 858 862 videmus,
878 823 1041 850 morem
1069 809 1267 849 Emeseni
1295 806 1437 858 fuisse,
1459 807 1502 846 in
1530 819 1690 847 sermo-

234 878 357 918 nibus
386 881 515 920 sacris
543 895 628 921 non
657 882 820 936 singula
847 882 1039 937 dogmata
1068 883 1303 933 adstruere,
1321 894 1406 921 non
1434 881 1688 921 Haereticos

235 964 509 1006 oppugnare,
540 969 625 995 non
654 955 697 994 in
727 955 898 1010 singulis
926 956 1030 995 locis
1062 955 1104 995 S.
1141 955 1183 994 S.
1214 954 1373 995 morari
1402 966 1561 1008 eosque
1590 953 1689 993 alle·

234 1026 382 1080 gerice
413 1027 482 1068 vel
513 1029 686 1081 mystice
715 1029 990 1084 interpretari
1001 1045 1013 1081 3
1056 1031 1132 1071 sed
1157 1031 1372 1085 quendam
1403 1029 1688 1068 historiarum

234 1113 464 1140 sacrarum
504 1102 670 1152 cyclum
706 1115 939 1153 exornare,
990 1116 1218 1157 earumque
1265 1110 1405 1142 totum
1443 1107 1688 1141 contextum

233 1183 466 1224 exponere.
497 1173 681 1214 Imitatus
712 1174 754 1213 in
790 1174 871 1214 hoc
901 1187 1058 1228 genere
1085 1175 1293 1215 tractandi
1311 1176 1528 1228 Tragicos
1545 1173 1689 1212 Grae-

233 1257 331 1295 cos,
362 1258 458 1284 cum
486 1246 637 1300 quibus
668 1255 712 1287 et
750 1248 895 1301 plures
927 1248 1130 1288 ecclesiae
1172 1248 1370 1289 doctores
1409 1260 1597 1301 magnam
1628 1243 1689 1283 fa-

229 1316 512 1357 miliaritatem
566 1328 885 1370 contraxerant,
933 1329 982 1360 ut
1023 1333 1074 1360 ex
1115 1321 1411 1374 Athenagora,
1465 1319 1686 1359 Clemente

228 1389 515 1430 Alexandrino
546 1391 720 1447 aliisque
747 1401 890 1446 potest
919 1393 1071 1434 videri.
1121 1394 1336 1433 Laudatur
1365 1393 1409 1432 in
1436 1393 1612 1441 Nostro,
1637 1396 1687 1429 ut

230 1475 266 1501 c.
299 1463 330 1501 Ι.
361 1475 385 1501 e
417 1463 592 1503 Socrate
646 1474 690 1505 et
731 1464 970 1505 Sozomeno
1024 1466 1192 1506 allatum
1224 1473 1311 1517 est,
1365 1464 1481 1521 quod
1531 1461 1685 1503 litteris

229 1533 394 1588 graccis
423 1534 649 1589 diligenter
676 1536 809 1577 fuerit
838 1537 1045 1588 imbutus3
1092 1546 1136 1577 et
1163 1538 1446 1590 Hieronymus
1479 1537 1536 1590 (c.
1574 1535 1681 1588 εις.)

229 1605 270 1644 ei
309 1606 460 1646 tribuit
499 1608 782 1664 eloquentiam
826 1623 877 1648 ex
918 1610 1091 1650 scientia
1132 1609 1406 1649 saecularium
1445 1609 1683 1648 litterarum

228 1687 377 1720 ortam.
410 1679 568 1741 Quidni
599 1682 730 1735 igitur
758 1691 801 1722 et
829 1682 871 1722 in
899 1681 977 1723 hac
1006 1692 1128 1738 parte
1160 1696 1257 1723 eum
1283 1683 1469 1738 peritum
1497 1689 1542 1721 et
1569 1680 1680 1721 bene

226 1750 478 1793 instructum
508 1752 766 1794 habeamus?

334 1825 419 1864 Iam
448 1839 579 1877 vero,
620 1836 667 1867 ut
704 1827 817 1867 inter
847 1840 992 1868 omnes
1033 1835 1219 1878 constat,
1258 1828 1537 1883 Tragicornm
1576 1841 1680 1882 poe-

226 1904 364 1948 tarum
391 1911 482 1937 mos
513 1908 578 1939 est
608 1907 650 1939 et
680 1900 942 1940 consuetudo
973 1900 1184 1951 solemnis,
1212 1914 1264 1939 ne
1294 1901 1440 1951 dicam,
1455 1909 1680 1955 perpetua,

227 1977 275 2008 ut
302 1983 382 2023 pro
412 1969 609 2011 libertate
638 1972 809 2025 poetica
837 1982 1127 2027 argumentum
1158 1966 1439 2027 (ύπόθεσιν)
1469 1973 1623 2028 eligant
1654 1986 1679 2013 e

225 2040 482 2096 Mythologia
510 2043 572 2093 (h.
604 2056 641 2083 e.
670 2043 866 2098 historia)
897 2045 1024 2099 idque
1056 2043 1332 2102 δραματικαῖς
1370 2055 1525 2100 aptent.
1582 2047 1677 2086 Non

226 2111 387 2166 fingunt
418 2113 550 2165 facta,
580 2116 655 2155 sed
684 2126 919 2172 sequuntur
956 2117 1200 2171 historiam,
1240 2127 1284 2159 et
1319 2132 1598 2174 personarum
1630 2119 1678 2158 il-

223 2183 419 2225 lustrium
448 2186 532 2226 fata
561 2196 604 2227 et
632 2202 702 2228 rcs
733 2198 870 2242 gestas
899 2199 1094 2241 narrant,
1123 2205 1207 2231 non
1238 2192 1323 2231 suis
1351 2190 1584 2245 figmentiS,
1603 2191 1677 2230 sed

225 2257 443 2298 traditioni
471 2259 697 2301 historicae
726 2262 1005 2303 inhaerentes.
1061 2264 1269 2318 Exemplo
1300 2276 1392 2303 esse
1433 2272 1578 2317 potest
1614 2262 1677 2302 hi-

225 2330 354 2370 storia
381 2331 655 2383 Promethei,
686 2333 868 2388 Oedipi,
898 2336 1246 2390 Agamemnonis,
1277 2336 1458 2385 Orestis,
1487 2335 1677 2375 aliarum-

225 2418 307 2458 que
346 2418 623 2458 personarum
663 2407 937 2461 tragicarum,
983 2422 1102 2463 quam
1145 2407 1400 2461 Aeschylus,
1439 2408 1675 2462 Sophocles

223 2485 350 2531 atque
380 2477 606 2531 Euripides
635 2479 763 2519 toties
791 2488 984 2531 tractant,
1012 2481 1266 2534 ingenioque
1294 2481 1465 2534 poetico
1496 2491 1539 2521 ct
1568 2490 1673 2531 arte,

224 2563 305 2603 qua
335 2550 521 2602 pollent,
551 2551 667 2590 vario
701 2552 824 2592 modo
859 2561 1075 2592 exornant.
1130 2554 1242 2592 Dum
1275 2561 1508 2608 sequuntur
1546 2553 1676 2593 histo-

221 2620 352 2661 ticam
382 2623 675 2676 traditionem,
711 2624 917 2666 Historici
946 2634 1040 2666 sunt
1051 2639 1063 2676 3
1103 2625 1202 2666 dum
1241 2634 1378 2666 autem
1432 2624 1600 2679 ingenio
1630 2634 1675 2665 et
