1773 3032
803 75 1164 149 -138--

226 193 307 249 τῆς
335 190 450 243 ἰδίας
479 186 635 239 &violave
663 191 943 251 οἰκονομίας,
971 195 1158 252 facitque
1185 196 1268 239 huc
1297 198 1413 253 quod
1441 199 1484 239 in
1520 199 1672 240 Zona-

226 281 306 308 rae
343 269 448 309 Lex,
490 269 539 308 T.
568 269 600 307 Ι.
628 283 670 322 p.
711 269 785 310 651
825 269 1002 310 diciturz
1042 268 1368 325 ἐπιμερίζοντες
1404 271 1456 315 τό
1493 272 1673 329 πλῆθος

228 338 364 394 φασὶν
394 334 600 398 ἑκάτερος
632 344 822 388 ἕκαστος.
880 341 1136 382 Vocabulum
1164 353 1303 384 autem
1330 345 1585 402 οἰκονομία,
1625 356 1675 389 ut

227 412 340 465 apud
376 421 521 467 patres
561 416 747 467 saepius,
781 412 985 467 significat
1021 428 1112 453 eam
1147 416 1232 455 Dei
1269 418 1357 458 sive
1407 419 1588 473 Spiritus
1628 420 1672 461 S.

227 497 396 536 curam,
437 502 518 541 qua
547 486 770 540 prophetis
811 488 864 530 V.
893 488 942 526 T.
983 486 1204 540 Christus,
1251 488 1418 531 futurus
1457 492 1673 533 hominum

225 552 388 615 σωτήρ,
431 557 773 610 annuntiabatur,
811 573 975 614 quaque
1015 561 1157 600 idonei
1183 562 1496 615 reddebantua,
1535 565 1674 607 πολυ-Ψ-

223 632 371 687 μεροῖς
408 631 480 675 καὶ
526 626 815 687 πολυτρόπως
852 642 1077 689 utrumque
1120 635 1222 675 Jesu
1257 636 1412 675 Christi
1443 646 1595 679 statum
1625 641 1667 695 (ι

223 708 342 746 Petr.
377 707 406 746 1.
442 721 501 746 ιι.
537 711 618 755 12.)
647 706 801 745 futuris
831 707 1005 746 saeculis
1035 707 1247 748 delineare
1278 719 1321 750 et
1349 711 1608 765 praedicare.

333 778 378 833 6)
410 780 458 820 P.
497 795 535 834 7.
579 776 795 830 Βλέπε,
844 773 1098 835 οἷδελφὲ,
1140 775 1348 836 μήπως
1394 782 1675 833 θέλοντες

225 860 307 892 etc.
358 852 501 892 Hades
540 854 886 895 communicative
922 855 1112 910 loquitur
1151 865 1196 896 et
1233 854 1459 894 Diabolum
1498 855 1674 897 fratrem

224 939 346 967 suum
377 935 421 967 et
449 927 608 967 socium
637 937 771 970 vocat.
802 929 1003 983 Intelligit
1033 943 1215 983 quoque,
1229 929 1296 972 ὅτι
1326 922 1491 976 πάντες
1522 927 1675 986 ἐχθροὶ

221 996 352 1057 ἡμῶν
382 995 642 1058 γεγόνασιν,
670 1009 714 1041 et
742 1002 858 1056 quod
886 1002 986 1056 ipsis
1016 1002 1070 1041 sit
1097 1015 1220 1042 causa
1259 1005 1488 1043 communis
1529 1012 1675 1044 contra

222 1076 391 1116 hostem
417 1089 692 1118 communem.
733 1078 790 1116 Et
816 1084 936 1116 recte
966 1075 1010 1114 id
1038 1074 1206 1129 quidem
1235 1089 1286 1115 ex
1315 1075 1528 1130 annalogia
1551 1085 1675 1132 atque

223 1148 470 1189 oeconomia
499 1148 664 1199 biblica,
684 1163 763 1203 qua
793 1149 983 1200 docetur,
1007 1147 1218 1186 Christum
1246 1147 1674 1198 venisse‚utMortem

224 1230 269 1261 et
317 1208 543 1260 Diabolum
590 1222 730 1261 vincat
770 1229 813 1261 et
852 1219 1063 1260 infernum
1113 1219 1314 1259 destruat.
1383 1221 1487 1259 Jure
1536 1229 1675 1261 autem

223 1286 409 1348 οἷδελφοὶ
450 1303 493 1334 et
535 1295 703 1349 gemelli
740 1295 960 1345 dicuntur3
1005 1308 1097 1333 nam
1138 1293 1351 1348 conjuncti
1394 1302 1438 1334 et
1469 1294 1676 1348 conjurati

223 1375 372 1406 contra
411 1367 505 1420 pios
547 1380 776 1421 omnesque
818 1367 922 1406 adeo
963 1367 1180 1419 homines,
1219 1366 1302 1423 τήν
1333 1367 1561 1424 βασιλείαν
1587 1371 1676 1412 τῶν

221 1431 394 1494 ἐρανών
424 1440 667 1494 impugnant
700 1450 743 1481 et
773 1449 993 1495 peccatum
1020 1452 1288 1495 promovent.
1319 1445 1421 1482 Nam
1449 1452 1544 1483 autc
1575 1457 1677 1497 pec-

223 1520 385 1563 catum,
415 1521 462 1552 ut
490 1513 615 1553 docet
646 1522 794 1553 auctor
825 1515 997 1567 Sapient
1014 1514 1042 1553 Ι.
1074 1517 1148 1564 1l‡·‚
1168 1509 1217 1554 ἐκ
1246 1509 1304 1570 ἦν
1334 1511 1417 1571 ᾆδε
1444 1514 1673 1572 βασίλειον

221 1585 294 1627 ἐπὶ
328 1587 436 1643 γῆς,
483 1588 583 1638 sed,
628 1595 672 1627 ut
709 1587 820 1626 idem
860 1588 986 1627 docet
1024 1600 1060 1627 c.
1091 1589 1141 1627 II.
1173 1592 1247 1634 πέμ
1289 1582 1453 1644 φθόνῳ
1493 1583 1674 1644 διαβόλε

219 1652 424 1706 θάνατος
464 1659 671 1714 εἰσῆλθε-ν
712 1661 772 1707 εἰς
801 1654 880 1702 τόν
917 1654 1100 1715 κόσμον.
1130 1662 1250 1700 Nunc
1279 1674 1385 1702 vero
1416 1662 1458 1701 in
1485 1670 1672 1718 utroque

220 1726 460 1791 φάρμακον
502 1728 663 1790 ὀλέθρε
685 1759 739 1765 -—
786 1728 1020 1789 συνθήκην
1053 1736 1215 1776 ἔθεντο
1246 1729 1357 1790 πρός
1386 1730 1524 1778 αὐτόν
1540 1767 1554 1786 ,
1606 1730 1674 1776 ὅτι

221 1805 333 1854 ἄξιοι
385 1808 467 1849 εἰσι
525 1809 605 1863 τῆς
646 1807 785 1851 {nme
833 1806 1014 1864 μερίδος
1067 1807 1181 1850 εἶναι
1224 1808 1341 1863 (Sap.
1388 1811 1418 1849 Ι.
1463 1814 1521 1855 14.
1574 1812 1673 1858 ι5.).

221 1878 402 1932 Semper
432 1893 602 1935 quoque
633 1878 741 1936 ᾅδης
771 1890 814 1921 et
844 1875 1049 1937 διάβολος
1078 1890 1271 1938 tanquam
1301 1882 1406 1921 socii
1435 1890 1478 1921 et
1505 1881 1675 1933 fratres,

216 1964 403 2005 quorum
431 1966 537 1992 unus
561 1954 729 2008 adjuvat
756 1955 947 2006 alterum,
969 1955 1279 1994 deseribuntur.
1310 1953 1512 1994 Diabolus
1540 1962 1677 2010 ψυχο·

219 2026 379 2080 πομπέ
406 2026 534 2067 habet
561 2037 728 2081 partem,
758 2028 810 2068 de
840 2043 924 2084 quo
953 2028 1171 2069 verissime
1215 2027 1298 2067 dici
1337 2034 1481 2081 potest
1518 2028 1677 2066 Home·

221 2100 364 2140 ricum
394 2100 511 2141 illud.
542 2101 644 2140 Iliad
673 2103 704 2141 Ι.
734 2101 782 2141 3:

438 2168 624 2221 ΙΙολλοῖς
654 2168 690 2216 δ’
719 2175 914 2230 ἰφθιζιιθς
941 2170 1087 2232 ψυχάς
1117 2170 1208 2217 ἄϊδι
1235 2175 1471 2230 προΐαψεν.

327 2249 373 2302 7)
405 2249 454 2287 Ρ.
484 2264 524 2303 7.
560 2242 906 2306 Ἀδρανείας
945 2248 1090 2305 ’ἡμᾶς
1133 2243 1466 2307 διαγράψειε
1508 2260 1585 2303 nos
1616 2247 1677 2286 in-

223 2327 339 2360 ortes
379 2321 594 2374 judicabit.
650 2322 789 2362 Habet
829 2323 1007 2363 verbum
1051 2316 1313 2379 διαγράφειν
1343 2321 1483 2361 ethic
1523 2318 1678 2373 signifi-

224 2393 430 2433 cationem
478 2393 718 2447 forensem,
771 2411 851 2451 qua
890 2390 1155 2452 διαγράφειν
1195 2394 1322 2451 δίκην
1364 2394 1476 2450 apud
1517 2395 1677 2433 Demo-

222 2466 413 2508 sthenem
443 2477 486 2509 et
513 2470 692 2521 Lysiam,
722 2477 765 2510 ct
795 2463 1016 2526 διαγραφή
1046 2470 1098 2509 dc
1129 2470 1251 2525 legali
1281 2479 1324 2510 ct
1355 2467 1542 2523 judiciali
1571 2480 1671 2505 eon-

224 2539 489 2581 dcmnationc
520 2552 759 2597 usurpatur.
