1773 3032
828 190 1123 235 -132—

245 308 377 354 ἰδίαν.
436 312 532 352 Hoc
559 309 718 351 factum
748 310 878 364 igitur
905 311 962 350 ita
991 310 1072 351 sibi
1102 309 1290 364 effinxit,
1317 321 1365 353 ut
1391 327 1435 369 p.
1465 330 1505 369 7.
1535 328 1708 373 expres-

245 400 337 425 sum
365 392 456 424 est:
484 377 608 427 Ἀλλ’
636 378 803 431 α’κέσας
840 382 942 440 περὶ
970 386 1023 427 τὲ
1052 379 1231 428 θανᾰτε
1259 379 1468 441 Ἰωάννε,
1508 389 1581 432 καὶ
1611 407 1709 447 φο-

243 457 482 513 βηθεὶς,
508 456 590 514 μή
618 457 710 500 καὶ
738 451 916 501 τέτον
944 459 1034 512 (vel
1062 452 1221 514 αὐτόν)
1263 460 1444 522 ἄνελῃ
1473 462 1499 507 0‘
1539 463 1707 523 HQw'-

241 529 372 587 ὃης,
400 531 617 589 ἔφυγεν
656 533 740 579 εἰς
783 530 886 587 τήν
931 531 1279 578 Γαλιλαίαν
1309 530 1411 578 τότε
1438 540 1597 595 ἔγνων,
1639 539 1707 581 ὅτι

239 602 484 661 ἄνθρωπος
511 605 603 646 ἐστι
630 599 794 648 λοιπόν
822 606 871 659 (i.
902 620 939 646 e.
974 606 1078 645 nihil
1108 608 1245 660 aliud,
1274 624 1397 664 quam
1436 611 1564 653 horno
1580 627 1593 664 3
1635 615 1704 654 vel

238 678 391 721 λυπῶν
423 678 451 718 i.
482 692 520 718 e.
549 679 720 718 tristitia
753 687 797 719 et
823 692 986 733 pavore
1015 678 1207 720 adlectus
1242 681 1407 737 homo),
1438 682 1511 725 καὶ
1541 685 1705 739 φοβεῖ-

236 766 310 792 ται
336 748 419 794 τόν
448 744 671 793 θάνατον.
701 753 763 791 Ita
791 751 922 807 igitur
952 751 1250 793 ratiocinatur:
1282 755 1390 795 Cum
1419 757 1542 795 Jesus
1570 757 1700 798 homo

237 826 320 876 sit,
347 825 518 865 humani
548 825 652 864 nihil
685 841 707 865 a
736 838 782 864 se
813 824 994 865 alienum
1023 834 1250 879 reputans,
1287 836 1557 884 mortemque
1598 831 1705 871 exti-

236 910 449 949 mescens,
476 896 586 937 filius
615 897 701 937 Dei
731 911 817 937 non
847 910 941 937 esse
967 905 1126 951 potest.

342 969 559 1011 Habemus
589 970 660 1010 hic
692 977 1011 1023 argumentum,
1041 983 1126 1025 quo
1158 967 1292 1009 omnis
1320 967 1445 1023 hujus
1485 971 1698 1013 Dramatis

234 1044 467 1085 homiletici
495 1043 539 1097 ³⁸²)
570 1044 820 1084 oeconomia
847 1043 1022 1095 nititur,
1061 1044 1261 1099 quodque
1303 1043 1543 1084 universam
1590 1045 1702 1085 chri-

237 1117 413 1157 stianam
444 1124 652 1170 personat
683 1116 983 1171 antiquitatem.
1041 1117 1105 1156 Ex
1133 1125 1314 1172 utraque
1344 1117 1521 1157 ecclesia
1550 1119 1698 1172 plures

235 1189 415 1231 fuerunt
444 1189 646 1230 doctores
667 1219 679 1240 ‚
708 1189 781 1243 qui
809 1189 893 1228 hoc
920 1197 1215 1242 argumentum
1241 1196 1488 1230 tractarunt.
1543 1191 1699 1231 Exem-

233 1263 301 1317 pla
330 1263 453 1317 plura
482 1260 672 1303 invenies
703 1261 889 1301 collecta
927 1260 970 1299 in
1011 1261 1125 1301 Guil.
1164 1261 1421 1301 Miinsclzeri
1460 1260 1698 1301 Handbuch

232 1336 310 1375 der
342 1336 432 1377 chr.
460 1334 922 1391 Dogmengeschichte.
952 1333 1031 1373 Th.
1062 1334 1134 1378 IV.
1163 1348 1208 1388 p.
1237 1346 1318 1388 277
1349 1347 1468 1389 seqq.

337 1411 429 1450 Nec
468 1408 625 1449 absone
661 1421 740 1448 nec
771 1416 919 1448 contra
960 1408 1194 1462 analogiam
1230 1406 1426 1448 biblicam
1455 1407 1512 1447 ita
1538 1407 1697 1461 judica-

230 1491 331 1523 runt
358 1490 544 1524 veteres.
601 1482 706 1520 Nam
733 1481 768 1519 si
796 1480 899 1534 ipsis
927 1480 1100 1533 Angelis
1129 1479 1251 1520 bonis
1282 1480 1481 1533 mysteria
1509 1481 1696 1522 incarna-

226 1555 356 1596 tionis
386 1553 461 1594 filii
493 1556 578 1595 Dei
607 1567 694 1593 non
723 1553 803 1591 nisi
839 1552 1108 1593 revelatione
1141 1552 1280 1594 divina
1319 1553 1491 1607 speciali
1529 1554 1696 1596 innotu-

230 1637 357 1670 erunt
380 1628 454 1682 (de
484 1643 565 1684 qua
610 1629 766 1668 Petrus
797 1627 815 1665 I
842 1626 923 1679 Ep.
953 1627 984 1665 1.
1019 1639 1079 1666 12.
1109 1625 1277 1665 scribit:
1308 1626 1370 1672 εἷς
1398 1623 1430 1666 οἵ
1466 1627 1696 1682 ἐπιθυμέ-

229 1715 301 1744 σιν
343 1697 522 1759 ἄγγελοι
556 1692 868 1756 παρακύψαι)ε
917 1711 1003 1752 quo
1053 1697 1181 1737 modo
1231 1697 1485 1738 resciverint
1525 1699 1695 1739 Diaboli

231 1776 409 1832 ejusque
447 1775 625 1830 Angeli,
664 1766 732 1828 μή
774 1765 1048 1828 τηρήσαντες
1093 1764 1178 1826 τήν
1216 1772 1383 1813 ἑαυτῶν
1425 1768 1564 1827 α’ρχήν
1600 1776 1692 1826 (ep.

231 1848 328 1889 Jud.
358 1862 397 1889 v.
426 1846 486 1902 6.)
521 1855 605 1888 tam
646 1844 918 1901 splendidum
960 1851 1003 1883 et
1042 1843 1222 1883 salutare
1259 1843 1533 1896 mysterium?
1589 1846 1693 1884 Nam

230 1921 461 1962 incarnatio
491 1921 565 1962 filii
593 1920 679 1963 Dei
703 1932 774 1960 res
814 1926 904 1969 est,
946 1916 999 1956 de
1041 1932 1122 1972 qua
1168 1916 1213 1956 id
1249 1918 1381 1968 valet,
1422 1917 1537 1972 quod
1575 1918 1693 1970 Apo-

231 1996 363 2036 stolus
391 1993 662 2050 pronuntiat:
691 1991 751 2048 ἤν
781 1984 897 2038 §cleis-
935 1991 1026 2033 τῶν
1064 1982 1291 2048 α’ρχόντων
1318 1989 1371 2031 τὲ
1402 1990 1561 2038 αἰῶνος
1587 1985 1692 2033 τέτε

230 2069 443 2125 ἔγνωκεν,
489 2066 699 2121 itemque:
737 2064 768 2107 α’
802 2062 1050 2121 ἡτοίμασεν
1094 2059 1119 2106 o‘
1161 2062 1278 2110 Θεὸς
1333 2070 1424 2110 τοῖς
1461 2057 1692 2119 α’γαπιὸσιν

230 2135 371 2184 αὐτόν
413 2142 456 2196 (ι
491 2140 596 2182 Cor.
624 2141 676 2180 11.
705 2141 745 2182 8.
778 2140 855 2196 9.).
896 2138 1019 2179 Tales
1047 2146 1189 2180 autem
1215 2151 1302 2177 non
1330 2145 1426 2177 sunt
1454 2131 1692 2192 πνεύματα

302 2394 341 2439 ')
365 2392 422 2427 Ne
448 2393 618 2439 aliquem
645 2391 717 2425 hoc
743 2390 886 2425 dictum
922 2388 1112 2431 offendat,
1145 2387 1337 2422 sciendum
1375 2391 1452 2431 est,
1484 2388 1555 2431 jam
1589 2386 1688 2433 apud

369 2458 551 2492 Clemeut.
579 2456 683 2489 Alex.
709 2455 861 2489 Cohort.
886 2454 933 2488 ad
961 2460 1059 2500 gent.
1086 2465 1113 2487 e.
1140 2453 1182 2486 X.
1209 2465 1243 2498 p.
1288 2451 1362 2485 172.
1397 2450 1469 2493 (ed.
1507 2451 1686 2494 Oberth.)

362 2524 456 2567 logi:
505 2519 597 2558 οὖθ’
621 2516 679 2555 ὅτε
703 2517 745 2556 τὸ
774 2517 953 2565 ἀνθρώπω
985 2519 1213 2563 προσωπεῖον
1245 2512 1457 2560 ἀναλαβών,
1495 2520 1552 2549 καὶ
1586 2521 1688 2559 σαρκὶ

361 2587 676 2631 ἇναπλασαμένος,
700 2584 751 2622 τὸ
781 2582 1014 2628 σωτήριον
1038 2580 1187 2627 ὃρᾶμα.
1210 2579 1288 2626 τῆς
1313 2576 1685 2624 ἀνθρωπότητοσ

365 2650 531 2697 nitenowe
537 2665 587 2688 to.
