1773 3032
777 146 830 155 >-
888 125 967 168 150
1023 145 1076 153 -

205 254 250 290 et:
287 256 518 299 respuere,
561 245 628 283 vel
668 244 928 284 emendatius
976 245 1222 300 auctiusque
1251 244 1445 284 secundis
1472 243 1585 284 curis
1615 243 1657 283 in

202 318 421 375 publicum
449 317 662 357 emittere.
720 317 950 371 Utriusque
979 317 1046 356 rei
1076 316 1346 371 proferamus
1377 316 1630 370 exemplum.

314 390 608 438 Gaudentius,
654 389 894 443 Episcopus
934 389 1165 429 Brixiensis
1204 390 1337 443 (circa
1364 402 1514 429 annum
1542 386 1659 440 386),

203 458 358 503 amicus
385 463 603 503 Ambrosii
633 471 675 501 et
707 461 1021 515 Chrysostomi,
1063 464 1181 518 cujus
1222 476 1438 503 sermones
1469 477 1492 502 a
1524 462 1659 502 Gale-

204 537 319 576 ardo
348 536 451 576 editi
482 544 606 586 sunt,
635 536 677 575 in
704 535 891 575 Praefat.
923 535 975 576 ad
1006 535 1213 576 Benevol.
1244 535 1287 575 in
1314 534 1514 576 Biblioth.
1541 536 1657 574 Patr.

202 611 253 651 Τ.
284 611 332 648 ΙΙ.
362 623 404 662 p.
433 610 472 651 3.
505 608 562 648 ita
591 609 816 663 queritur:
872 610 969 659 „De
1001 610 1081 649 illis
1109 610 1380 660 tractatibus,
1419 622 1526 664 quos
1565 609 1659 648 No-

205 684 362 731 tariis,
417 690 465 721 ut
504 682 717 735 comperi,
761 683 946 722 latenter
986 683 1222 737 adpositis,
1262 680 1570 737 proculdubio
1600 681 1660 721 in-

203 763 426 808 terruptos
458 763 500 795 ct
528 756 783 809 semiplenos
814 756 948 796 otiosa
981 757 1242 811 quorundam
1281 756 1416 796 studia
1454 754 1658 808 colligere

201 836 577 882 praesumserunt⁷
620 828 723 867 nihil
763 829 814 868 ad
850 843 917 869 me
963 830 1123 869 attinet.
1191 830 1281 868 Mea
1326 828 1409 881 jam
1434 841 1518 866 non
1546 833 1657 864 suntv

202 915 310 956 quae
341 909 503 941 constat
539 902 764 955 praecipiti
795 898 1095 957 excipientium
1123 900 1395 942 festinatione
1426 913 1518 939 esse
1559 912 1659 938 con-

202 974 404 1027 scripta.“
452 974 567 1014 Idem
599 975 834 1014 orationem
862 989 975 1015 suam
1004 976 1309 1029 inauguralem‚
1342 988 1465 1029 quam
1491 972 1658 1028 perfide

203 1052 249 1084 et
278 1058 506 1098 perperam
533 1045 710 1099 {quidam
751 1054 1038 1100 exceperant,
1085 1046 1238 1086 litteris
1267 1046 1464 1086 mandare
1494 1054 1537 1086 et
1575 1039 1658 1087 αύ-

201 1117 422 1165 θεντικῶς
459 1118 590 1160 edere
631 1127 803 1159 coactus
843 1119 935 1160 fuit.
1006 1120 1103 1165 Vid,
1147 1120 1376 1178 §audentii
1419 1127 1524 1159 orat.
1562 1120 1656 1162 XV.

203 1190 304 1233 edit,
334 1191 530 1231 Galeard.

309 1265 504 1305 Alterum
540 1266 794 1320 ffexemplum
842 1266 1027 1320 praebet
1080 1267 1198 1308 locus
1249 1268 1456 1320 Gregorii
1501 1268 1659 1321 BIagni

203 1335 390 1380 Praefat.
419 1337 462 1376 in
492 1338 677 1390 Ezech,
707 1338 780 1378 ubi
810 1338 940 1380 dicit:
984 1341 1244 1391 „Homilias‚
1273 1354 1378 1394 quae
1408 1340 1451 1380 in
1478 1339 1519 1380 b.
1550 1342 1658 1379 Eze-

203 1407 384 1453 chielem
415 1410 668 1465 prophetam
699 1420 747 1451 ut
785 1425 928 1452 coram
973 1413 1134 1467 populo
1183 1413 1411 1473 loquebar,
1454 1420 1656 1466 exceptae

202 1490 323 1533 sunt,
364 1482 505 1522 multis
554 1483 666 1521 curis
719 1483 980 1524 irruentibus
1028 1485 1070 1524 in
1120 1484 1349 1524 abolitione
1388 1486 1654 1540 reliqueram,

201 1555 288 1596 sed
325 1565 423 1608 post
473 1569 601 1596 annos
652 1564 772 1605 octo,
817 1557 1060 1609 petentibus
1098 1555 1319 1608 fratribus,
1366 1559 1656 1600 Notariorum

205 1629 429 1668 ochedulas
459 1631 680 1684 requirere
711 1629 883 1679 studui,
920 1642 1072 1682 easque
1114 1628 1282 1668 favente
1314 1630 1498 1669 Domino
1527 1638 1661 1670 trans-

203 1714 403 1751 currens,
458 1700 500 1739 in
552 1710 751 1755 quantum
801 1700 853 1741 ab
899 1701 1099 1756 angustiis
1155 1701 1466 1741 tribulationum
1512 1702 1656 1754 licuit,

203 1774 466 1813 emendavi.“
524 1773 589 1813 Cf.
621 1774 810 1828 ejusdem
841 1775 1124 1814 narrationem
1151 1773 1194 1813 in
1222 1774 1345 1827 epist.
1374 1774 1425 1813 ad
1446 1774 1655 1819 Leonard,

204 1845 411 1899 (praefat.
440 1846 588 1884 moral.
617 1846 661 1885 in
692 1846 883 1900 Iobum),
912 1847 984 1887 ubi
1021 1848 1131 1886 inter
1172 1847 1249 1885 alia
1284 1853 1328 1885 et
1365 1845 1468 1886 haee
1506 1860 1655 1887 occur-

202 1925 329 1958 runt:
387 1917 603 1973 „Cumque
644 1917 747 1956 mihi
785 1919 917 1972 spatia
955 1919 1149 1972 longiora
1186 1927 1488 1973 suppeterent,
1529 1919 1658 1963 multa

202 2003 384 2043 augens,
415 2003 547 2045 pauca
580 1990 852 2043 subtrahens,
891 2000 1015 2053 atque
1046 1992 1102 2030 ita
1140 1998 1187 2030 ut
1226 1992 1393 2031 inventa
1430 1991 1512 2030 sint
1551 2004 1655 2031 non·

202 2062 337 2114 nulla,
382 2063 681 2117 derelinquens
728 2077 799 2112 ea,
849 2078 955 2119 quae
1000 2078 1067 2104 me
1105 2064 1306 2119 loquente
1361 2073 1535 2123 excepta
1576 2064 1655 2104 sub

205 2135 338 2175 oculis
383 2134 573 2186 fuerant,
620 2149 701 2189 per
735 2136 867 2176 libros
907 2138 1164 2177 emendando
1196 2139 1443 2193 composui,
1486 2138 1582 2192 quia
1613 2144 1658 2179 et

204 2221 299 2247 cum
341 2216 556 2260 postrema
610 2209 835 2259 dictarem,
865 2223 950 2263 quo
980 2210 1084 2263 stylo
1128 2200 1264 2269 prima
1309 2210 1508 2260 dixeram,
1545 2209 1656 2249 solli-

204 2279 287 2318 oite
315 2279 488 2319 attendi.

309 2351 483 2391 Eusebii
516 2368 685 2408 qnoque
718 2355 851 2395 nostri
883 2355 1095 2395 orationes
1127 2369 1261 2395 sacras
1290 2369 1371 2409 pro
1401 2369 1522 2397 more
1551 2363 1655 2395 tem-

207 2423 325 2476 poris
339 2424 494 2465 calamo
511 2426 641 2466 fuisse
674 2436 895 2481 exceptas,
927 2442 977 2467 ex
1008 2429 1094 2481 ipsa
1125 2428 1389 2481 eloquentiae
1418 2429 1552 2476 laude,
1576 2442 1655 2482 qua

201 2495 421 2547 inclaruit,
452 2498 703 2538 tutissimum
732 2508 796 2539 est
824 2500 1141 2553 praejudicium.
1199 2502 1300 2539 Nam
1331 2499 1384 2550 ii,
1424 2501 1496 2554 qui
1526 2500 1655 2538 medi-

207 2567 366 2607 ocriter
396 2570 464 2608 vel
494 2572 600 2610 male
633 2571 916 2626 eloquentimn
951 2572 1275 2626 extemporalem
1299 2571 1655 2631 (σχεὸιιισῦεῐσαν
