1773 3032
232 418 380 500 Cum
419 473 569 513 parum
599 471 691 497 esse
735 456 930 498 videatur
971 457 1226 508 consultum,
1267 458 1610 498 commentarium
1641 459 1683 498 in

233 534 552 570 commentarios
583 529 798 582 scribere,
828 529 884 570 nil
911 529 1007 569 fere
1035 528 1155 568 nobis
1184 529 1379 569 relictum
1411 529 1516 580 erit,
1557 545 1680 584 quam

231 614 277 645 ut
317 605 392 655 iis,
431 617 537 658 quae
575 617 703 656 supra
740 616 837 658 pag,
866 606 917 653 [μ
951 626 1004 635 --
1034 606 1101 652 44.
1123 602 1384 665 praemonita
1411 610 1536 654 sunt,
1575 602 1679 643 haec

229 690 362 733 panea
391 675 711 732 subjungamusg

337 837 463 897 Quod
494 837 545 877 ad
571 837 823 892 Fragmenta
849 835 893 875 in
922 836 1107 878 Genesin
1134 851 1176 891 p.
1204 837 1260 884 45
1287 862 1341 869 —-
1367 835 1436 890 46.
1466 848 1509 879 et
1538 851 1572 878 c.
1603 836 1677 880 lv.

227 924 271 962 p,
297 911 405 950 185-
421 911 486 963 87.
508 910 672 960 attinet,
693 922 743 950 ea
768 922 878 949 nunc
897 909 1031 949 multo
1056 908 1332 951 confidentius
1354 911 1533 951 Eusebio
1551 911 1675 950 Eme-

227 997 322 1023 seno
351 982 593 1023 adscribere
621 982 724 1026 nulli
752 982 1001 1034 dubitamus,
1029 997 1122 1023 cum
1148 982 1275 1024 facile
1306 993 1519 1038 appareat,
1546 985 1582 1024 F
1584 995 1677 1036 rag-

232 1064 418 1097 mentum
447 1057 516 1098 111.
545 1069 675 1109 super
705 1056 857 1096 Genes.
889 1056 960 1099 1V.
993 1055 1058 1097 26.
1098 1071 1140 1111 p.
1179 1057 1247 1104 46.
1288 1072 1340 1098 ex
1377 1058 1513 1112 prima
1554 1065 1676 1112 parte

228 1140 320 1168 esse
352 1129 587 1168 versionem
617 1129 857 1183 Fragmenti
885 1130 949 1181 11.‚
965 1130 1080 1184 quod
1107 1129 1152 1170 C.
1181 1131 1252 1174 IV.
1280 1146 1323 1185 p.
1359 1133 1446 1172 185.
1461 1144 1512 1170 ex
1541 1142 1675 1184 opere

225 1200 454 1254 chaplari
497 1199 721 1241 Montfauc.
760 1201 1036 1242 exhibuimus.
1078 1203 1272 1258 Augetur
1311 1203 1408 1243 inde
1436 1202 1540 1243 fides
1569 1204 1675 1256 Lip-

222 1277 423 1328 pomanz',
456 1274 554 1329 qui,
583 1282 629 1313 ut
663 1287 705 1327 p.
741 1277 808 1320 4-4.
839 1275 1005 1325 allatum
1044 1283 1132 1325 est,
1173 1275 1415 1316 versionem
1443 1290 1557 1315 suam
1585 1274 1675 1314 lati-

225 1362 318 1388 nam
347 1348 389 1388 in
422 1347 579 1393 Catena
608 1360 632 1387 e
663 1349 807 1393 codice
834 1363 991 1402 graeco
1026 1347 1260 1389 confectam
1289 1361 1381 1388 esse
1409 1349 1572 1391 asserit.

913 1428 976 1474 ΙΙ.
1126 1486 1129 1491 ¹

331 1509 544 1562 Excerpta
573 1521 625 1547 ex
650 1508 818 1548 Catenis
848 1509 891 1547 in
919 1509 1104 1551 Psalmos
1144 1509 1389 1549 tribuuntur
1431 1510 1599 1564 quidem
1630 1510 1671 1550 in

226 1584 331 1624 Nov.
373 1581 551 1628 Collect.
596 1583 781 1622 Pati-um.
828 1582 940 1622 Edit.
992 1582 1278 1622 Montl'aucon.
1329 1584 1379 1620 T.
1419 1583 1449 1622 Ι.
1486 1583 1667 1627 Eusebio

228 1656 521 1696 Caesar-censi.
552 1655 747 1694 Attamen
779 1654 907 1693 dubio
937 1655 1055 1694 locus
1087 1654 1354 1708 relinquitur,
1385 1667 1434 1692 en
1462 1666 1546 1693 non
1574 1653 1671 1694 huic

222 1729 431 1782 adscripta
468 1728 652 1778 fuerint,
693 1742 800 1783 qnae
830 1729 991 1782 potiori
1020 1713 1320 1782 jure'Euscbii
1350 1727 1547 1769 Emeseni
1578 1739 1670 1766 esse

223 1804 452 1844 videantur.
522 1802 670 1840 Modus
719 1809 836 1846 certe
872 1801 1075 1840 tractandi
1116 1809 1159 1839 et
1211 1798 1361 1852 stylus,
1399 1798 1587 1853 inprimis
1630 1799 1673 1838 in

221 1875 448 1928 Excerptis
478 1889 520 1928 p.
551 1880 602 1928 49
630 1898 684 1905 -
714 1874 782 1914 50.
823 1875 1032 1921 Emeseno
1060 1873 1219 1926 potius,
1247 1885 1370 1926 quam
1398 1871 1671 1912 caesareensi

223 1949 488 1994 conveniunt,
543 1948 639 1991 Huc
672 1960 842 2002 quoque
870 1945 1049 1996 faciunt,
1080 1958 1185 1999 quae
1216 1944 1267 1988 de
1304 1945 1410 1985 Juda
1446 1945 1669 2000 proditore

222 2030 265 2061 et
292 2022 344 2061 de
374 2022 630 2067 judaeorum
657 2023 939 2074 perversitate
969 2020 1180 2074 leguntur,
1204 2030 1394 2078 quaeque
1423 2030 1507 2056 non
1537 2017 1670 2057 solum

221 2094 359 2149 quoad
387 2104 701 2149 argumentum,
731 2094 806 2133 sed
835 2093 959 2133 etiam
991 2091 1129 2148 quoad
1157 2090 1287 2134 verba
1317 2103 1370 2129 ex
1409 2088 1668 2129 orationibus

219 2167 417 2206 Emeseni
446 2168 634 2213 desumta
664 2178 755 2211 esse
786 2165 993 2210 videntur.

904 2244 988 2288 ΠΙ.

325 2326 464 2365 Minor
493 2335 631 2365 autem
661 2324 934 2368 conformitas
973 2323 1305 2378 deprehenditur
1333 2323 1376 2362 in
1404 2319 1666 2374 Fragmentis

219 2409 350 2450 super
379 2398 525 2439 Joann.
558 2400 636 2438 Ev.
669 2412 703 2438 c.
734 2399 812 2438 XX
841 2379 882 2451 p:
913 2399 964 2439 52
986 2422 1037 2429 —-
1059 2396 1151 2449 56„
1180 2410 1284 2450 quae
1316 2404 1508 2456 tanquam
1540 2392 1664 2432 dubia

218 2470 457 2523 adjecimus.
491 2474 702 2527 Tanquam
732 2481 897 2526 purtem
925 2471 1023 2510 libri
1052 2472 1219 2512 Eas-chii
1239 2468 1540 2509 Caesar-censis
1564 2463 1667 2520 περὶ

217 2541 295 2593 τῆς
333 2544 421 2584 τῶν
460 2537 720 2600 εὐαγγελίων
761 2542 1019 2598 διαφωνίας,
1045 2557 1096 2582 ex
1133 2555 1216 2598 quo
1250 2538 1443 2581 nonnulla
1471 2538 1512 2577 in
1540 2540 1666 2578 Ana-
