1773 3032
818 145 1118 207 ..120-

241 290 326 330 lum
366 299 541 342 prorsus
593 284 705 325 inter
745 293 868 326 vetus
909 293 954 327 et
992 297 1150 325 novum
1196 282 1512 323 Testamentum
1549 295 1697 339 agnos·-

244 377 343 404 cens
381 360 632 409 discrimen,
672 366 898 412 utrumque
929 357 1120 400 codicem
1160 370 1352 406 sacrum,
1394 364 1588 411 tanquam
1625 369 1697 410 ge-

245 435 418 476 nuinum
458 432 676 486 religionis
727 430 974 470 christianae
1003 429 1198 481 fontem,
1242 438 1287 475 et
1325 418 1520 484 tanquam
1546 428 1696 469 firmis-

245 507 394 549 simum
424 505 547 546 verbi
575 506 659 544 Dei
689 503 998 553 testimonium,
1027 502 1234 544 adhibeat.
1290 505 1410 543 More
1453 502 1556 542 item
1596 500 1698 541 alio-

244 594 339 620 rum
368 587 585 619 oratorum
617 590 834 619 sacrorum
862 577 988 616 modo
1017 576 1207 629 integros
1238 574 1364 616 affert
1390 575 1532 626 locos,
1566 572 1696 614 modo

244 660 404 692 tantum
429 651 609 704 singulas
638 650 830 693 locorum
851 658 1023 703 partes,
1053 663 1126 690 ves
1154 648 1328 703 phrases
1368 648 1568 698 biblicam,
1609 645 1698 686 sine

245 734 467 765 auctorum
495 736 711 765 sacrorum
739 722 975 774 mentione,
1005 730 1050 763 et
1078 722 1166 762 sine
1197 722 1400 776 allegandi
1428 719 1609 762 formula
1627 731 1699 771 pa-

250 797 384 839 tribus
412 797 584 836 usitata:
625 793 651 838 ,0‘
678 790 828 851 κύριος
870 792 1010 852 λέγει,
1048 788 1105 845 οἷς
1143 795 1192 837 ἐν
1227 795 1283 854 τῇ
1316 794 1467 854 γραφῇ
1507 791 1698 851 λέγεται,

246 867 357 917 navo?
388 868 440 913 τό
471 867 638 929 ῥηθέν,
667 879 711 913 et
740 870 805 913 his
834 869 1051 912 similibus.

354 983 434 1027 Ast
463 981 600 1022 dices:
629 982 675 1020 In
702 981 806 1023 locis
835 981 1022 1036 allegatis
1059 991 1207 1022 auctor
1246 981 1359 1022 haud
1397 994 1498 1023 raro
1537 988 1700 1023 textum

248 1054 348 1096 S.S.
377 1056 623 1095 canonicum
650 1069 736 1095 non
769 1054 989 1109 exprimit,
1027 1055 1102 1095 sed
1138 1056 1257 1097 vario
1300 1056 1452 1107 modo,
1489 1055 1560 1097 vel
1598 1054 1700 1109 adji-

246 1129 362 1173 ciens
393 1129 572 1184 aliquid,
600 1128 669 1173 vel
699 1129 909 1180 omittens,
927 1128 997 1170 vel
1024 1128 1136 1168 aliud
1157 1128 1416 1170 substituens
1438 1128 1702 1179 vocabulum,

246 1200 298 1245 ab
330 1201 403 1243 illo
433 1203 631 1253 recedit3
661 1202 718 1242 ita
747 1201 945 1257 quidem,
972 1209 1019 1241 ut
1050 1201 1174 1241 alium
1201 1201 1344 1255 potius
1373 1209 1548 1250 textum,
1577 1214 1702 1255 quam

249 1288 360 1327 eum,
392 1288 519 1333 quem
547 1289 656 1323 nunc
678 1274 896 1327 habemus,
924 1282 1018 1316 ante
1049 1275 1195 1314 oculos
1233 1274 1430 1314 habuisse
1461 1282 1503 1314 et
1531 1280 1702 1313 secutus

247 1349 454 1392 videatur.
512 1347 619 1387 Illud
649 1349 817 1388 omnino
843 1349 900 1388 ita
929 1362 975 1388 se
1003 1347 1160 1398 habet3
1200 1348 1276 1387 sed
1302 1346 1401 1388 inde
1444 1361 1529 1387 non
1565 1346 1703 1401 sequi-

247 1431 319 1462 tur
347 1421 454 1470 hoc,
484 1421 598 1474 quod
627 1420 744 1460 dicis.
786 1421 1015 1461 Caveamus
1042 1421 1199 1475 igitur,
1227 1434 1280 1460 ne
1312 1434 1364 1460 ex
1394 1419 1700 1461 consuetudine

245 1501 312 1545 et,
345 1501 393 1532 ut
421 1493 479 1532 ita
509 1492 669 1543 dicam,
698 1494 954 1548 negligentia
981 1493 1248 1546 homiletica,
1277 1492 1464 1547 regulam
1509 1492 1697 1533 criticam

249 1566 563 1611 constituamus,

355 1677 462 1718 Loci
494 1679 741 1732 praecipui,
771 1679 813 1718 in
843 1677 993 1733 quibus
1023 1694 1046 1718 a
1077 1687 1198 1719 textu
1226 1686 1406 1732 recepto
1435 1676 1629 1728 recedit,
1656 1675 1701 1718 in

246 1753 358 1794 notis
390 1753 549 1793 criticis
583 1752 846 1793 orationibus
875 1751 1077 1806 subjectis
1106 1760 1202 1791 sunt
1227 1751 1374 1792 notati.
1437 1751 1548 1794 Vide
1577 1750 1629 1791 ad
1655 1766 1700 1805 p.

246 1830 286 1869 5.
315 1826 354 1868 6.
384 1839 418 1881 9.
458 1838 518 1868 12.
549 1838 613 1867 20.
643 1827 710 1868 30.
750 1826 799 1865 al.
865 1825 911 1864 Si
950 1825 1146 1867 attentius
1193 1823 1547 1875 consideraveris,
1585 1824 1704 1864 vari-

247 1900 353 1939 antis
381 1899 578 1940 lectionis
605 1913 658 1939 ne
686 1899 913 1954 vestigium
959 1899 1128 1953 quidem
1172 1898 1376 1939 invenies.
1431 1899 1478 1939 In
1514 1896 1618 1936 locis
1656 1911 1701 1950 p.

248 1989 286 2027 ι).
314 1974 491 2028 prolatis
520 1972 738 2027 conjungit
764 1973 888 2026 plura
914 1971 1153 2012 testimonia
1183 1985 1236 2011 ex
1265 1971 1401 2012 Jesaia
1430 1978 1473 2010 et
1511 1970 1703 2022 Evange-

246 2047 333 2097 liis,
373 2061 456 2087 non
498 2047 666 2101 integra
705 2046 876 2100 quidem
916 2050 1074 2093 et1suo
1134 2044 1284 2084 ordine
1339 2044 1574 2092 collocata,
1625 2042 1701 2083 sed

247 2129 464 2165 contracta
506 2129 550 2160 et
580 2119 704 2174 paulo
745 2119 1021 2172 transposita,
1069 2118 1206 2172 iisque
1246 2117 1358 2156 nullo
1401 2116 1482 2156 alio
1524 2116 1700 2157 consilio

246 2197 404 2244 utitur,
435 2207 558 2247 quam
586 2201 633 2233 ut
660 2191 940 2246 pervicaciam
969 2199 1093 2245 atque
1121 2190 1407 2232 infidelitatem
1430 2188 1702 2239 Judaeorum,

246 2267 538 2309 invitationem
579 2274 621 2306 et
658 2265 983 2319 promissionem
1026 2264 1183 2304 Christi
1221 2263 1273 2317 ad
1313 2264 1486 2303 salutem
1515 2268 1701 2302 contem-

247 2341 461 2390 nentium,
503 2354 553 2380 ex
592 2339 862 2381 consonantia
899 2341 952 2383 V.
983 2347 1026 2379 et
1054 2340 1104 2378 N.
1133 2339 1184 2381 T.
1226 2336 1499 2378 demonstret.
1574 2332 1700 2374 Ratio

248 2414 449 2470 quaedam
478 2413 649 2464 critica,
688 2426 765 2456 cur
804 2414 860 2452 ita
903 2412 1166 2466 copulaverit
1195 2420 1238 2452 et
1268 2410 1588 2465 composuerit,
1631 2408 1702 2449 vix

247 2486 427 2540 rogitari
466 2494 624 2540 potest·
691 2487 805 2526 Idem
840 2487 883 2526 in
909 2486 998 2530 aliis
1026 2485 1156 2536 locis3
1196 2484 1417 2539 nullusque
1457 2490 1592 2533 extat,
1627 2480 1700 2521 ubi

247 2560 386 2610 alium,
416 2575 537 2614 quam
568 2569 771 2609 nostrum,
801 2568 968 2601 secutus
1001 2559 1054 2600 sit
1082 2567 1255 2599 textum,
1284 2556 1427 2597 Affert
1462 2554 1702 2596 testimonia

246 2636 287 2674 S.
307 2634 346 2675 S.
380 2636 443 2675 vel
474 2651 519 2674 ex
553 2635 781 2680 momoria,
814 2635 878 2674 vel
914 2634 1023 2682 iuxta
1053 2630 1479 2682 accommodationem
1522 2627 1701 2668 homile-
