1773 3032
798 59 1093 103 -156—

215 189 404 236 apparet.
463 180 619 221 Contra
657 179 875 220 Calvinum
920 187 1038 219 recte
1076 188 1221 220 monet
1257 194 1300 234 p.
1337 185 1440 228 442:
1479 179 1669 232 „Omnes

217 256 386 303 Pati-cs,
416 251 487 308 qui
517 253 763 292 descensum
795 253 952 292 Christi
981 252 1032 292 ad
1082 251 1244 292 inferos
1287 252 1556 304 describunt,
1596 253 1670 292 de·-

217 329 407 368 scribunt
436 336 480 366 ut
521 327 766 366 descensum
803 328 993 366 victoris
1034 337 1072 366 ec
1114 329 1476 381 triumphatoris,
1507 340 1596 366 non
1627 332 1672 366 ut

218 404 306 450 rei,
339 416 412 441 nec
441 401 529 441 ullo
558 401 688 441 modo
720 400 935 452 indicant,
969 402 1187 441 Christum
1217 401 1392 455 aliquid
1413 413 1591 454 passum
1621 402 1668 439 in

217 476 445 528 inferno.“

323 549 441 587 Hanc
490 547 622 600 igitur
678 546 895 585 doctrinae
942 545 1122 585 formam
1168 545 1378 585 Eusebius
1425 547 1674 598 Emesenus,

213 623 298 669 ,etsi
327 635 410 660 non
439 621 600 675 primus
631 621 743 673 (nam
773 617 971 670 fuerunt,
1000 620 1071 673 qui
1112 626 1206 658 ante
1247 632 1343 658 eum
1389 618 1501 657 idem
1546 617 1674 659 doce·

214 696 349 746 rent),
378 702 516 733 tamen
543 693 655 732 inter
683 691 845 744 primos
875 698 919 730 et
947 688 1256 744 antiquissimos
1270 685 1442 730 uherius
1465 691 1675 744 exposuit,

217 764 401 819 ideoque
438 766 551 805 inter
592 771 724 803 testes
754 772 798 803 et
834 762 977 803 fontes
1029 760 1255 815 primarios
1306 762 1573 802 referendus.
1629 763 1676 803 Si

218 837 329 876 enim
368 837 418 876 ab
464 846 615 877 ornatu
651 836 872 875 rhetorico
913 844 957 875 et
987 836 1159 889 poetico
1189 835 1406 887 discedas,
1436 834 1488 875 de
1519 846 1677 874 summa

221 908 439 950 doctrinae
472 910 530 950 ita
559 909 700 959 tradit,
730 922 777 948 ac
806 909 842 948 si
871 910 1007 948 omnia
1035 905 1147 949 κατοὲ
1178 902 1413 963 δογμάτων
1441 899 1676 963 α’κρίβειαν

221 983 288 1034 (ut
323 982 560 1037 Gregorius
591 984 765 1035 Nyssen.
796 981 918 1033 dicit)
950 989 1164 1021 tractaret.

331 1056 449 1116 Quae
479 1064 619 1095 autem
649 1068 698 1094 ea
730 1054 782 1093 de
813 1067 861 1094 re
890 1053 1031 1105 habet,
1063 1050 1139 1093 sub
1170 1055 1305 1109 capita
1335 1055 1537 1110 quaedam
1555 1068 1679 1110 prae-

221 1128 342 1181 cipua
371 1127 678 1168 revocabimus.

331 1202 361 1239 Ι.
393 1200 720 1241 Introductionis
747 1200 845 1241 loco
878 1208 942 1241 est
968 1200 1012 1240 in
1042 1199 1161 1241 Orat.
1191 1201 1222 1239 1.
1255 1195 1399 1255 (quod
1428 1215 1556 1255 supra
1586 1212 1676 1240 mo-

219 1272 413 1325 nuimus)
458 1270 629 1312 Joannis
667 1272 883 1326 Baptistae
907 1267 1223 1325 praeconium,
1266 1286 1342 1313 seu
1382 1269 1407 1316 ὁ
1453 1272 1683 1331 εὐαγγελι-

219 1340 332 1402 σμός
362 1347 413 1387 τὲ
440 1340 670 1401 προδρόλιιᾶ
700 1347 749 1387 ἐν
775 1347 837 1401 τῷ
881 1344 1210 1403 ᾄδῃΡῐ-οορειέιῐ
1238 1348 1442 1400 Joannes,
1470 1357 1518 1388 ut
1546 1348 1590 1387 in
1617 1346 1683 1386 his

221 1420 352 1460 terris
382 1418 571 1468 fecerat,
601 1419 712 1471 apud
741 1417 903 1457 inferos
933 1432 1103 1473 quoque
1132 1419 1240 1459 viam
1269 1421 1468 1461 Domino.
1518 1421 1557 1460 Is
1587 1435 1684 1461 eum

221 1491 480 1547 praemittit,
510 1499 557 1529 ut
586 1489 779 1530 fidelibus
813 1492 861 1531 ἐν
891 1489 1063 1547 φυλακῇ
1091 1486 1317 1546 πνεύμασι
1358 1493 1584 1532 adventum
1622 1508 1683 1532 sa-

223 1565 404 1603 lutarem
435 1562 664 1601 annuntiet.
710 1563 771 1601 Ita
802 1563 964 1616 vulgari
995 1575 1164 1617 quoquc
1197 1576 1321 1602 sensu
1352 1564 1453 1602 illud
1480 1558 1687 1618 ἑκήρσῃξεν

209 1622 332 1691 ((1ηο
363 1645 446 1676 tam
476 1635 597 1674 multi
636 1634 895 1687 interpretes
940 1642 1035 1673 sunt
1074 1635 1268 1688 decepti)
1310 1635 1472 1687 poterit
1510 1636 1685 1676 admitti.

224 1712 319 1750 Non
349 1717 487 1749 autem
517 1717 581 1748 est
610 1701 815 1763 κ’ήρυγιιια
845 1709 899 1747 (τε-Ξ
928 1705 1079 1761 avola,
1111 1702 1229 1763 cujus
1271 1722 1377 1762 opus
1420 1717 1546 1763 atque
1594 1705 1689 1747 offi-

227 1784 337 1822 cium
375 1796 469 1822 cum
515 1789 654 1821 morte
695 1787 786 1820 erat
827 1781 1084 1831 absolutum,
1131 1782 1205 1821 scd
1249 1775 1456 1838 κήρυγμα
1494 1781 1596 1837 περὶ
1634 1784 1688 1826 τὲ

226 1852 348 1909 avola·
377 1868 400 1892 a
428 1866 712 1907 praecursore
739 1853 963 1907 prolatum.
1023 1853 1117 1906 Ipse
1148 1854 1288 1894 Hadcs
1328 1870 1371 1909 p.
1413 1859 1465 1900 23
1486 1860 1487 1863 ’
1508 1855 1688 1896 fateturz

227 1925 307 1983 ἐγώ
349 1925 489 1980 ἤκὸσα
526 1924 569 1967 τὶ
611 1919 916 1981 εὐαγγελίοατο
949 1924 974 1967 0‘
1015 1919 1228 1981 Ἰωάννης
1269 1928 1370 1985 περὶ
1410 1928 1578 1980 gne-(w,
1616 1929 1690 1972 καὶ

229 1993 474 2055 ἐφοβεςίιιην
506 1991 646 2041 αὐτόν
673 1997 974 2047 ’ὐποδέξασθαι
1001 1999 1216 2042 ἐνταῦθα.

337 2075 388 2112 ΙΙ.
423 2074 639 2127 Expositis
681 2073 723 2112 in
752 2074 887 2126 prima
927 2073 1129 2113 orationis
1170 2084 1292 2128 parte
1333 2076 1395 2131 (p.
1444 2077 1492 2116 15
1519 2102 1573 2108 —
1604 2078 1690 2131 25.)

225 2147 420 2188 omnibus
465 2147 652 2197 casibus,
690 2146 765 2186 ubi
814 2145 1018 2186 Diabolus
1057 2149 1330 2202 semetipsum
1378 2150 1601 2205 deceperit
1648 2161 1692 2192 et

232 2221 408 2270 luserit,
439 2227 586 2259 orator
622 2218 798 2259 exordio
838 2220 970 2273 partis
1003 2221 1211 2261 secundae
1243 2224 1305 2276 (p.
1336 2222 1422 2276 25.)
1453 2223 1576 2264 dubia
1618 2238 1693 2264 noe

233 2298 395 2348 dosque
426 2292 573 2344 solvit,
604 2301 647 2332 et
678 2293 904 2333 Diabolum
934 2294 1101 2334 tandem
1129 2296 1351 2351 aliquando
1384 2297 1434 2337 ab
1471 2311 1619 2338 errore
1650 2307 1694 2338 et

233 2362 489 2422 lippitudine
522 2380 595 2405 sua
624 2364 871 2417 liberatum,
901 2368 975 2407 sed
1004 2382 1056 2407 co
1087 2369 1217 2423 magis
1258 2371 1534 2423 perterritum
1573 2371 1694 2411 sistit.

235 2442 297 2481 Ex
330 2439 539 2481 miraculis
570 2439 612 2477 in
640 2448 778 2479 morte
809 2448 852 2480 ct
881 2454 1008 2480 cruce
1041 2441 1200 2482 Christi
1230 2442 1350 2482 factis
1373 2443 1592 2498 intelligit:
1623 2440 1695 2484 ὅτι

235 2506 381 2556 πάντα
420 2506 511 2555 κατ’
550 2512 812 2568 οἰκονομίαν
855 2512 1049 2571 ἐγένετο,
1098 2524 1142 2556 et
1181 2517 1383 2557 miserum
1426 2531 1469 2557 sc
1508 2517 1694 2557 sentiens
