1773 3032
826 191 1121 236 -126-

244 315 312 354 Ex
342 314 648 365 Chrysostomo
679 313 856 367 (Homil.
885 313 1103 356 XXXVIII
1132 312 1176 352 in
1203 312 1370 367 Matth.)
1393 322 1436 355 et
1467 316 1699 371 Theophy-

246 389 359 429 lacto
388 386 692 441 (Commentar.
721 386 773 429 ad
801 386 947 426 Matth.
977 388 1070 439 XI.)
1100 386 1321 438 discimus,
1361 388 1559 430 doctores
1591 391 1699 430 mul-

244 470 312 503 tos
341 462 589 502 descensum
617 461 733 499 illum
773 473 825 499 ex
851 459 998 500 Matth.
1027 460 1154 499 XL2.
1173 460 1396 514 probasse:
1427 463 1542 516 quod
1559 472 1701 503 tamen

243 543 426 589 uterque
457 528 655 589 α’νόητον
685 533 808 583 dicit,
853 533 950 587 quia
978 534 1180 583 JoanneS,
1219 534 1448 588 Prophetis
1488 537 1700 591 superior,

243 623 329 650 non
355 609 552 662 ignorare
583 605 796 659 potuerit:
825 600 910 660 τήν
938 599 1182 664 σταύρωσιν
1213 608 1264 648 τὲ
1291 607 1488 663 Χριστὲ,
1515 608 1588 651 καὶ
1615 607 1702 665 τήν

244 682 309 728 εἰς
336 678 451 737 ᾅδην
479 673 694 721 κάθοδον.
726 677 845 740 Quae
876 679 1046 733 quidem
1071 669 1184 719 ‘ratio
1213 693 1298 718 non
1325 681 1502 720 multum
1530 682 1701 734 valebit,
1761 715 1765 723 .

242 753 319 793 ubi
347 753 400 793 de
431 744 758 808 συγκαταβοῖσει
788 751 1068 804 cogitaveris,
1099 766 1222 806 quam
1251 753 1408 792 Noster
1436 753 1479 792 in
1507 768 1580 795 sua
1600 768 1703 794 -nar-

242 827 408 869 ratione
447 827 603 868 statuit.
660 824 804 866 Affert
843 838 1014 879 quoque
1057 838 1136 864 nec
1176 825 1389 878 improbat
1426 825 1532 866 hanc
1572 827 1703 868 inter-

243 902 530 955 pretationem
567 901 865 951 Hieronymus
904 897 1050 952 (epist.
1079 898 1131 937 ad
1157 898 1294 951 Algas.
1333 907 1377 938 et
1418 898 1702 940 Commentar.

243 973 288 1012 in
315 971 461 1013 Matth.
491 973 606 1025 xl.);
638 971 741 1011 dicit
770 970 903 1010 enim:
959 970 1199 1021 „Johannes
1239 971 1434 1011 mittebat
1474 972 1701 1025 discipulos

244 1060 344 1086 suos
372 1045 416 1084 in
443 1046 619 1086 vinculis
649 1043 929 1094 constitutus,
970 1051 1017 1082 ut
1046 1042 1127 1081 sibi
1155 1057 1362 1097 quaerens
1393 1045 1475 1084 illis
1505 1045 1701 1084 disceret.
1726 1060 1731 1064 ·

246 1118 374 1178 Quod
401 1126 542 1158 autem
571 1118 700 1157 dicit:
735 1118 853 1158 Tune
883 1132 947 1168 es,
986 1118 1061 1171 qui
1089 1127 1288 1156 venturus
1329 1127 1416 1166 est,
1466 1134 1527 1158 an
1566 1119 1703 1156 alium

229 1191 570 1248 'exspectemus?
615 1189 727 1230 hunc
769 1202 939 1244 quoque
983 1201 1150 1228 sensum
1191 1188 1349 1228 habere
1404 1198 1572 1243 potest:
1601 1190 1701 1229 Scio

246 1264 362 1320 quod
388 1264 480 1318 ipse
512 1264 586 1314 sis,
618 1264 691 1318 qui
718 1263 870 1303 tollere
903 1261 1059 1304 venisti
1086 1270 1255 1315 peccata
1283 1263 1451 1314 mundi3
1496 1265 1571 1304 sed
1605 1265 1703 1319 quia

246 1338 299 1377 ad
327 1336 486 1377 inferos
517 1338 796 1377 descensurus
827 1350 944 1386 sum,
972 1335 1056 1375 hoc
1085 1335 1331 1389 interrogo,
1361 1345 1502 1376 utrum
1534 1345 1576 1377 et
1606 1338 1704 1378 illuc

244 1411 337 1464 ipse
368 1410 621 1460 descendas,
651 1424 703 1448 an
731 1409 906 1463 impium
937 1410 1018 1459 sit,
1061 1408 1145 1448 hoc
1175 1408 1225 1448 de
1264 1409 1351 1448 filio
1389 1410 1473 1449 Dei
1509 1410 1702 1462 credere,

247 1481 457 1538 aliumque
485 1484 689 1522 missurus
719 1481 807 1522 sis?
861 1483 958 1521 Hoc
987 1489 1128 1520 autem
1157 1481 1266 1520 scire
1297 1482 1493 1521 desidero
1512 1512 1524 1534 ,
1555 1491 1602 1522 ut
1631 1483 1702 1538 qui

244 1564 286 1596 te
315 1556 359 1595 in
385 1557 512 1596 terris
553 1555 793 1595 hominibus
832 1554 1046 1603 nuntiavi,
1088 1554 1213 1592 ctiam
1249 1553 1397 1593 inieris
1433 1552 1636 1606 nuntiem,
1668 1557 1702 1595 si

244 1631 358 1671 forte
399 1637 600 1670 venturus
638 1628 754 1667 es?“
811 1629 930 1666 Hanc
969 1626 1367 1680 interpretationem
1406 1637 1449 1667 et
1476 1629 1632 1668 Noster
1660 1629 1703 1668 in

246 1713 336 1744 tota
363 1702 439 1742 hac
468 1701 660 1740 oratione
691 1699 905 1753 supponit.

353 1774 518 1837 Quodsi
547 1780 687 1812 autem
714 1771 818 1810 haec
847 1779 891 1810 ct
921 1771 997 1810 alia
1019 1772 1192 1810 Patrum
1219 1771 1458 1811 testimonia
1478 1773 1702 1827 mittamus,

244 1848 329 1888 hoc
360 1846 639 1886 certissimum
669 1854 758 1896 est,
790 1845 831 1883 in
861 1845 1102 1898 Evangelio
1115 1845 1343 1884 Nicodemi
1360 1846 1605 1900 simillimam
1633 1848 1702 1888 vel

244 1920 389 1974 potius
422 1919 596 1958 eandem
634 1917 721 1971 legi
761 1917 990 1957 historiam.
1049 1919 1095 1958 In
1134 1927 1256 1958 textu
1298 1919 1467 1972 quidem
1510 1922 1701 1968 Graeco,

244 2001 335 2032 tum
375 2005 426 2032 ex
465 1990 612 2031 codice
653 1991 786 2030 Paris.
827 2000 915 2030 tum
958 1991 1389 2034 Palatino-Vaticano
1430 1993 1562 2046 (apud
1602 1997 1702 2034 Bir-

246 2068 386 2105 chium
412 2065 455 2103 in
482 2065 659 2103 Auctor.
689 2065 809 2105 Fasc.
839 2066 870 2103 I.
902 2080 941 2118 p.
982 2080 1123 2119 109—
1146 2072 1281 2115 nn),
1311 2080 1443 2119 pauca
1473 2075 1516 2106 et
1545 2067 1701 2120 imper-

245 2138 359 2178 fecta
383 2145 618 2177 narrantur.
648 2138 694 2175 Iu
717 2137 811 2176 cod.
835 2137 963 2177 Palat.
978 2138 1115 2181 Vatic.
1137 2139 1257 2178 deest
1278 2140 1466 2190 historia;
1491 2140 1564 2179 sed
1584 2149 1700 2181 totus

246 2211 393 2250 locus:
449 2208 659 2266 ”Ερχεται
689 2204 714 2252 ὁ
740 2209 990 2266 μονογενής
1028 2205 1123 2257 υἱός
1169 2211 1259 2254 Θεέ
1288 2206 1371 2254 ὦδε
1401 2237 1454 2244 —-
1484 2237 1536 2245 —
1564 2238 1615 2246 —
1647 2240 1700 2248 —
1756 2211 1757 2221 ³

244 2284 459 2340 γενὲσθαι
486 2277 724 2334 ἀδύνατον,
744 2284 899 2322 nemini
929 2299 1050 2338 quam
1079 2286 1243 2334 Joanni,
1273 2301 1398 2340 quem
1428 2287 1551 2326 etiam
1574 2288 1623 2328 N.
1649 2292 1699 2328 Τ.

246 2364 443 2410 tanquam
481 2350 648 2411 κήρυκα
684 2358 762 2412 τῆς
799 2356 1041 2411 μετανοίας
1081 2359 1242 2408 laudat,
1282 2360 1411 2400 tribui
1440 2370 1594 2413 potest.
1653 2365 1698 2402 In

246 2428 380 2469 altero
410 2429 557 2468 codice
589 2430 785 2470 omissum
824 2439 888 2470 est
926 2425 977 2473 τό
1016 2425 1242 2487 κήρυγμιις
1279 2433 1355 2472 sed
1387 2435 1531 2487 porgit
1566 2435 1698 2476 histo—

248 2501 333 2540 ria:
397 2500 463 2542 Ta
502 2495 687 2544 ’[ωοῖννε
731 2501 884 2544 τοίνυν
938 2498 1220 2550 διδάσκον-τος
1269 2505 1376 2552 2?va-
1417 2507 1464 2547 ἕν
1500 2507 1560 2560 τῷ
1587 2505 1695 2564 ᾅδῃ,

249 2566 411 2620 οἷκέσας
441 2574 513 2616 καὶ
544 2570 568 2616 ὁ
607 2572 950 2633 πρωτόπλασιιος
988 2578 1060 2619 καὶ
1100 2573 1338 2637 προπάτωρ
1379 2574 1546 2635 Ἀδάμ,
1581 2579 1696 2637 λέγει

250 2639 362 2702 πρός
392 2645 472 2690 τόν
499 2647 600 2691 υἱόν
630 2643 739 2691 αὖτέ
769 2643 850 2692 τόν
884 2644 1000 2705 Σήθ.
1031 2662 1112 2694 etc.
