1913 3073
90 280 222 322 factus
260 280 518 335 EpiscopuS‚
557 287 605 318 ut
650 279 742 333 ipse
773 279 1007 318 subindicat
1035 281 1075 318 in
1105 280 1229 318 Hom.
1261 279 1313 319 de
1342 280 1383 318 S.
1415 279 1537 317 Blan-

90 356 197 394 dina.
256 354 452 406 Disputat
491 351 614 390 etiam
644 360 790 391 contra
820 353 1083 404 Pelagianos
1119 351 1160 390 in
1189 353 1313 391 Hom.
1348 352 1399 390 de
1439 352 1536 389 Fer.

88 428 140 469 V.
171 429 212 466 in
242 438 370 465 coena
400 425 593 474 Domini3
623 423 734 463 unde
773 424 1037 463 manifestum
1068 431 1152 473 est,
1196 436 1290 462 eum
1330 437 1414 462 non
1443 435 1535 461 csse

87 497 316 539 Eusebium
347 499 618 547 Emeseuum,
650 495 721 551 qui
750 494 896 534 ssoruit
925 496 1001 535 sub
1023 496 1281 536 Constantio.
1340 495 1444 533 Sunt
1466 494 1537 548 qui

85 569 157 609 has
187 569 388 612 Homilias
432 568 618 608 tribuant
649 569 857 609 Eucherio
899 570 979 621 Ep.
1012 568 1306 622 Lugdunensi3
1347 580 1425 606 nec
1467 567 1537 605 de-

85 650 180 681 sunt
209 641 281 695 qui
309 650 523 680 auctorem
554 642 769 680 nominent
801 643 1053 680 Caesarium
1083 641 1388 680 Arelatensem.
1437 640 1536 680 Vidi

84 727 208 753 unam
239 726 290 752 ex
318 712 382 751 his
411 713 606 752 Ilomiliis
635 722 919 766 praenotatam
959 713 1126 752 nomine
1158 714 1316 752 Fausti
1343 713 1422 764 Ep.
1453 713 1536 751 Re-

86 785 431 839 ,fiensisrneque
450 794 514 824 est
545 785 837 838 improbabile,
867 799 958 825 esse
992 797 1134 823 omnes
1167 783 1354 836 ejusdem
1376 785 1534 835 Fausti,

84 858 158 913 qui
186 856 327 897 Abbas
358 856 439 896 suit
468 859 643 897 Monast.
673 858 930 907 Lirinensis,
957 865 999 896 et
1029 870 1081 895 ex
1110 856 1273 895 Abbate
1295 857 1534 909 Episcopus

84 938 272 979 creatus,
312 937 421 968 teste
455 929 685 968 Gennadio.
742 932 836 968 Non
866 930 1020 969 definio
1053 928 1172 982 cujus
1209 929 1316 977 sint,
1346 929 1422 967 sed
1453 928 1534 968 hoc

82 1004 180 1043 loco
209 1001 367 1056 placuit
394 1009 610 1040 auctorem
641 1015 785 1041 earum
813 1002 1093 1041 Homiliarum
1121 1002 1402 1050 constituere,
1433 1015 1536 1055 quo-

79 1075 190 1117 niam
218 1074 306 1114 sive
337 1074 390 1112 sit
420 1074 679 1125 Eucherius,
708 1074 796 1114 sive
824 1075 1017 1126 Faustus,
1047 1073 1136 1114 sive
1162 1074 1286 1112 etiam
1304 1073 1535 1123 Caesarius,

80 1156 176 1188 ante
204 1147 286 1187 hoc
312 1155 480 1200 tempus
508 1160 592 1185 non
620 1147 768 1187 vixit.“

187 1240 305 1278 Haec
342 1238 645 1288 Bellarminus,
675 1238 742 1277 cui
782 1252 926 1278 omnes
956 1252 1007 1277 ex
1035 1246 1213 1293 utraque
1244 1237 1422 1276 ecclesia
1451 1235 1535 1276 suf-

81 1308 301 1363 fragantur
339 1311 421 1351 viri
460 1311 596 1360 docti,
639 1325 819 1364 quorum
857 1311 1058 1365 judicium
1099 1310 1140 1349 in
1171 1309 1377 1364 ejusmodi
1407 1309 1535 1348 rebus

80 1381 240 1435 aliquid
271 1382 393 1423 valet.
424 1384 489 1422 Ex
519 1382 707 1436 genuinis
737 1383 932 1422 Homiliis
962 1382 1209 1422 Eusebianis
1246 1382 1386 1435 lingua
1416 1394 1536 1435 grae-

81 1465 127 1492 ca
156 1453 326 1507 scriptis
356 1455 414 1493 nil
437 1463 653 1508 superest,
692 1464 865 1508 praeter
893 1464 982 1495 tres
1012 1455 1100 1492 illas
1130 1468 1152 1493 a
1180 1452 1300 1493 nobis
1349 1454 1535 1507 primum

75 1524 120 1563 in
148 1525 286 1565 lucem
316 1527 483 1565 emissas
514 1535 556 1566 et
585 1526 737 1566 deinde
767 1526 1071 1568 examinandas.

184 1615 390 1671 Superest
430 1618 581 1658 tertius
613 1618 747 1668 testis,
785 1618 855 1672 qui
886 1619 1056 1672 quidem
1085 1631 1170 1658 non
1198 1625 1291 1657 ante
1322 1616 1533 1657 saeculum

78 1688 185 1729 XIII.
215 1689 330 1737 vixit,
361 1692 478 1744 cujus
506 1699 645 1730 tamen
675 1691 963 1731 testimonium
991 1691 1059 1730 vel
1098 1704 1150 1731 eo
1179 1690 1347 1729 nomine
1377 1689 1534 1744 aliquid

76 1760 200 1811 valet,
231 1762 327 1816 quia
354 1761 482 1802 homo
513 1763 642 1816 Syrus
672 1762 765 1802 fuit.
822 1764 860 1802 Is
890 1772 954 1802 est
982 1762 1241 1803 Ebed-Jesu
1272 1762 1396 1812 (alius
1418 1763 1534 1801 Bar-

76 1834 237 1872 Briclza
269 1843 464 1885 vocatus,
505 1835 576 1890 qui
609 1837 720 1875 inter
753 1836 1027 1874 Nestorianos
1060 1835 1186 1886 Syros
1217 1834 1417 1888 dignitate
1446 1836 1534 1873 Me-

76 1905 325 1958 tropolitani
358 1915 528 1947 ornatus
558 1922 593 1948 a.
629 1909 732 1949 1318
762 1922 785 1948 e
815 1908 899 1948 vita
930 1907 1157 1959 decessit),
1201 1906 1273 1960 qui
1301 1906 1342 1944 iu
1373 1906 1533 1944 Catalo-

77 1989 130 2030 go
163 1979 340 2018 metrico
378 1980 635 2033 scriptorum
664 1981 1046 2021 ecclesiasticorum
1085 1979 1134 2017 ab
1173 1979 1336 2019 Abralz.
1380 1978 1532 2017 Echel-

78 2049 190 2089 leuse
218 2052 376 2091 Romae
411 2052 509 2093 1653
548 2061 591 2092 et
627 2053 670 2092 in
698 2054 928 2093 Assemani
952 2051 1154 2090 Biblioth.
1187 2050 1353 2091 Orient.
1383 2052 1432 2090 T.
1462 2050 1529 2089 111.

74 2121 123 2160 Ρ.
156 2123 185 2160 Ι.
216 2125 448 2164 correctius
479 2124 594 2165 edito
624 2138 660 2166 c.
690 2126 868 2167 XXXVI
896 2125 999 2164 haec
1027 2123 1180 2164 habet:

389 2271 473 2329 >orii
540 2275 709 2357 3³⁸3&ss
778 2275 989 2341 290222230]

341 2380 487 2438 322001...
558 2376 758 2440 &td-032
832 2373 949 2436 ῙεΞξ-τ)

501 2477 517 2492 Q
559 2478 574 2492 x
587 2471 601 2488 7
781 2474 797 2487 m
822 2475 840 2486 x
850 2479 861 2490 q
868 2473 885 2486 t

475 2483 658 2540 ῑιωιεὲρ
724 2483 828 2537 bug,
853 2491 879 2534 n

345 2575 569 2639 moazgimi
617 2570 687 2638 Χᾶἷρ
742 2574 893 2636 ἷὸ>ἆί>ἆ
