1867 3053
926 164 1191 211 »-84-

328 288 391 329 bis
421 288 590 344 quidem
619 288 810 339 videtur,
838 301 922 328 non
950 286 1124 326 multum
1154 285 1261 325 lucri
1288 284 1383 324 inde
1413 286 1626 337 exoritur,
1652 283 1769 340 quod

325 378 475 406 annum
516 371 586 402 aut
619 361 844 414 'biennium
885 361 996 400 vitae
1042 360 1131 413 ejus
1173 358 1379 398 addamus.
1435 357 1688 399 Monendum
1723 354 1768 394 id

325 444 464 477 tamen
490 434 751 489 putavimus,
791 446 844 472 ne
886 431 978 486 quis
1010 430 1190 470 fortasse
1221 424 1417 485 (ἷκρισίαν
1454 428 1696 470 historicam
1723 436 1769 469 et

324 507 668 562 chronologicam
695 504 817 546 nobis
847 503 1029 558 objiciat.

431 579 559 640 Quod
598 579 650 619 ad
694 577 847 633 judicia
894 585 1090 617 veterum
1117 576 1168 615 de
1215 575 1393 614 Eusebii
1430 577 1566 616 nostri
1609 575 1767 627 indole,

323 653 573 693 auctoritate
615 659 658 690 et
697 650 805 689 fama
849 650 1017 699 attinet,
1071 657 1237 689 veteres
1285 650 1516 701 scriptores
1556 648 1598 687 in
1634 649 1769 689 varias

321 726 438 766 abire
468 734 636 779 partes,
682 726 762 777 jam
805 723 963 762 dictum
993 731 1069 761 est.
1127 721 1232 760 Sunt
1281 722 1413 770 enim,
1460 721 1657 775 quicum
1684 732 1766 773 pro

322 800 492 839 Ariano
531 797 733 846 habeant,
773 795 841 834 alii
881 802 1041 844 autem,
1072 792 1143 847 qui
1184 805 1277 831 eum
1306 793 1632 833 Sabellianismi
1659 805 1769 833 asse-

321 872 426 912 clam
454 869 620 909 faciant.
677 871 742 908 Re
771 875 911 906 autem
941 865 1165 905 accutatius
1195 874 1441 918 perspecta,
1470 866 1564 919 jure
1595 864 1768 904 merito-

320 959 402 1000 que
432 941 687 984 sabellianus
718 938 866 977 haberi
894 950 979 976 non
1006 945 1161 990 potest.
1217 939 1319 975 Nam
1347 937 1542 977 Socrates
1572 945 1616 977 et
1635 937 1768 976 Sozo-

318 1031 466 1057 menus
495 1029 579 1055 non
608 1014 776 1063 dicunt,
804 1025 899 1050 eum
928 1009 1057 1049 fuisse
1087 1009 1387 1060 Sabellianum,
1427 1009 1503 1050 scd
1539 1009 1768 1063 loquuntur

318 1097 478 1130 tantum
507 1088 558 1127 de
586 1083 782 1141 μέμψει,
825 1077 882 1129 οἷς
920 1076 973 1124 τοὶ
1004 1080 1227 1137 Σαβελλίε
1267 1083 1502 1138 φρονὲντα.
1569 1081 1766 1120 Socrates

319 1162 399 1202 alio
429 1161 523 1200 loco
555 1158 670 1211 (hist.
701 1157 802 1197 cccl.
844 1156 916 1195 lib.
955 1157 985 1195 Ι.
1016 1170 1052 1196 0.
1088 1156 1155 1208 18)
1194 1154 1326 1195 fusius
1369 1156 1421 1195 de
1463 1151 1767 1194 sabellianismi

320 1232 610 1274 criminatione
641 1238 739 1269 tunc
788 1227 995 1281 temporis
1029 1227 1290 1267 creberrime
1333 1227 1496 1281 prolata
1542 1225 1766 1274 disserens,

319 1306 372 1346 de
418 1304 607 1357 Georgio
649 1302 934 1352 Laodicense,
982 1300 1054 1354 qui
1080 1301 1203 1341 vitam
1239 1301 1414 1341 Eusebii
1441 1297 1639 1339 Emeseni
1668 1309 1767 1336 con·

320 1376 501 1430 scripsit,
531 1383 726 1429 tanquam
755 1372 1018 1426 refragatore
1052 1373 1104 1413 τὲ
1133 1367 1314 1427 &Mesola
1353 1371 1552 1427 loquitur.
1592 1369 1768 1409 Dixerat

327 1457 467 1490 autem
496 1456 636 1487 antea:
679 1446 737 1489 Οἱ
769 1445 858 1500 μὲν
886 1440 969 1501 γάρ
1008 1445 1070 1486 τὲ
1110 1439 1350 1500 ὁμοεσίε
1378 1439 1460 1499 τήν
1486 1442 1602 1491 λέξιν
1628 1441 1770 1483 ἐκκλι-

319 1535 476 1567 νοντες
504 1513 587 1574 τήν
627 1515 934 1573 Σαβελλίε,
973 1515 1046 1558 καὶ
1085 1517 1354 1560 ΛΙοντανὲ
1391 1510 1524 1564 δόξαν
1554 1515 1768 1571 εἰσηγεῖσ-

319 1593 404 1639 θαί
421 1590 562 1647 αὐτήν
579 1585 654 1638 vag
679 1587 1028 1648 προσδεχομένες
1051 1583 1260 1644 ἐνόμιζον
1276 1597 1358 1630 etc.
1412 1590 1470 1628 Et
1490 1588 1768 1639 Sozomenus,

321 1668 394 1725 qui
432 1667 523 1721 ipse
562 1664 727 1703 Arianis
756 1662 900 1702 favere
949 1662 1166 1713 creditur,
1194 1661 1328 1701 addit:
1383 1659 1454 1703 Ου’
1479 1658 1658 1716 διέφυγε
1686 1652 1768 1702 τόν

319 1734 500 1798 φθόνον
527 1736 616 1779 τῶν
645 1735 862 1778 &vadosae
889 1728 1153 1790 πεφυκότων
1183 1732 1254 1775 ἐπὶ
1281 1739 1377 1780 ταῖς
1407 1731 1551 1775 ἄλλων
1575 1731 1765 1788 οἶρεταῑς.

319 1814 398 1854 His
427 1811 556 1867 igitur
603 1810 638 1848 si
673 1809 801 1848 fidem
839 1807 1086 1857 tribuimus,
1124 1805 1380 1845 sabellianus
1419 1820 1503 1847 non
1541 1805 1646 1855 fuit,
1691 1804 1766 1844 sed

321 1887 492 1941 potius,
527 1896 643 1932 cum,
671 1881 794 1920 sicuti
834 1881 926 1935 ejus
965 1879 1165 1932 magister
1204 1878 1414 1919 Eusebius
1465 1877 1768 1927 Caesareensis‚

321 1952 371 2001 τό
403 1950 615 2013 ὁμοὲσιον
636 1962 881 2008 respueret,
896 1953 1167 1994 Arianorum
1194 1948 1335 1991 fautor
1363 1964 1409 1992 ac
1427 1960 1626 2006 patronus
1645 1961 1768 2004 prae-

320 2029 575 2072 sumebatur.

426 2101 708 2151 Hieronymus
745 2097 788 2138 in
825 2097 1020 2137 Chronic.
1069 2097 1122 2137 ad
1162 2113 1197 2138 a.
1242 2099 1282 2138 X
1322 2097 1550 2137 Constantii
1591 2095 1766 2136 scribit:

323 2175 529 2219 Eusebius
556 2173 782 2213 Emi-senus
813 2172 1013 2211 Arianae
1043 2171 1232 2224 sigtzffet·
1261 2171 1515 2223 factioniS,
1555 2170 1690 2209 multa
1732 2177 1770 2209 et.

322 2249 460 2290 varia
490 2245 733 2287 conscribit.
790 2244 886 2282 Hoc
915 2251 1052 2282 tamen
1080 2242 1280 2297 judicium
1310 2243 1376 2283 vel
1407 2242 1504 2281 ideo
1546 2255 1631 2282 non
1662 2240 1767 2280 adeo

326 2322 409 2361 erit
437 2317 693 2372 urgendum,
735 2329 828 2354 cum
877 2314 988 2354 idem
1027 2314 1308 2367 Hieronymus
1350 2315 1472 2354 etiam
1512 2314 1615 2353 alios
1653 2314 1768 2353 viros

322 2391 587 2449 praeclaros,
627 2400 665 2426 e.
708 2400 773 2440 gr.
810 2386 1039 2426 Eusebium
1078 2387 1400 2426 Caesareensem
1448 2386 1658 2441 aliosque,
1698 2383 1770 2438 qui

323 2473 465 2506 tamen
498 2473 708 2515 nunquam
736 2457 881 2498 Ariani
909 2456 1312 2512 fuerunt,tanquam
1340 2459 1443 2498 tales
1474 2456 1769 2512 designaverit.

323 2537 478 2576 Paeter
524 2532 830 2584 Hieronymum
869 2529 994 2570 etiam
1038 2532 1075 2570 T
1075 2530 1355 2581 lzeodoretus,
1396 2530 1620 2583 episcopus
1659 2528 1770 2580 Cyri,

323 2608 524 2650 Nostrum
555 2605 667 2645 inter
695 2603 871 2643 Arianos
919 2610 1128 2643 recenset.
1194 2603 1240 2641 In
1267 2601 1434 2657 Dialog.
1472 2602 1544 2644 111.
1575 2599 1690 2654 Opp.
1721 2599 1772 2638 T.
