1773 3032
704 155 999 198 -115—

115 281 318 330 Pascha,
345 287 451 317 cum·
468 287 684 316 carcerem
713 274 795 330 jam
825 289 970 330 passus
999 275 1139 315 suerat
1166 289 1246 330 per
1266 277 1576 332 sesquiannum,

114 364 244 410 prout
273 366 353 406 per
382 349 677 405 sesquiannum
705 349 991 402 praedicasset
1019 357 1114 388 ante
1153 349 1575 392 incarcerationen1.“

223 427 320 466 Iure
351 432 491 463 autem
520 436 596 462 suo
625 422 732 462 hane
763 422 1208 462 commemorationem
1250 438 1344 464 cunr
1381 424 1576 464 solemni-

112 497 268 540 tatibus
297 495 566 550 septimanae
597 501 763 534 sanctae
793 494 1052 547 conjungere
1082 503 1280 549 poterat,
1310 512 1404 536 eum
1433 497 1501 537 lex
1532 507 1577 539 et

111 570 374 612 consuetudo
422 568 730 618 ecelesiastica,
778 582 884 622 quae
925 580 1070 607 omnes
1115 568 1212 609 alias
1241 568 1494 610 festivitates
1523 570 1575 609 ab

109 643 190 683 hoc
229 651 426 696 tempore
467 641 548 681 soli
588 639 759 681 Christo
799 640 935 680 dicato
975 649 1018 681 et
1061 650 1341 693 consecrato,
1388 644 1575 684 nondum

110 723 224 756 esset
253 716 296 754 in
324 717 476 770 vigore
504 716 558 768 ³³).
615 714 751 775 Quam
781 723 876 768 apta
917 723 1057 755 autem
1095 715 1149 755 sit
1186 716 1291 757 haec
1331 718 1575 773 conjunctio

108 787 289 843 quilibet
330 788 471 839 videt,
516 788 589 842 qui
631 787 683 828 ad
722 802 899 841 nexum,
940 802 1035 829 eum
1075 803 1314 844 personae,
1356 798 1447 830 tum
1486 792 1576 843 rei,

104 864 288 904 animum
317 861 507 901 attendit.

214 936 396 975 Joannes
440 933 632 986 Baptista
686 933 844 973 Christi
897 946 1155 987 praecursor
1195 943 1239 975 et
1273 948 1461 990 praece,
1489 952 1575 978 non

105 1007 242 1047 solum
272 1006 403 1048 officii
433 1016 476 1047 et
504 1008 689 1047 muneris
719 1008 761 1047 in
792 1008 892 1058 vita,
921 1008 996 1047 sed
1025 1009 1150 1048 etiam
1171 1009 1213 1048 in
1241 1019 1383 1050 morte
1407 1020 1450 1051 et
1476 1021 1574 1066 post

82 1091 299 1122 .mortem.
330 1083 496 1132 Noster,
527 1081 626 1121 (luni
653 1083 737 1121 hoc
766 1083 966 1136 exponit,
992 1082 1051 1120 nil
1080 1080 1200 1122 finxit
1228 1091 1299 1123 aut
1327 1083 1427 1124 novi
1447 1093 1574 1140 atque

103 1154 282 1194 inauditi
308 1154 517 1208 protulit,
548 1154 623 1192 sed
652 1162 822 1194 secutus
853 1162 918 1193 est
949 1155 1195 1208 opinionem
1234 1170 1311 1196 suo
1342 1169 1448 1198 aevo
1479 1157 1574 1198 fere

104 1241 394 1277 communem,
424 1236 470 1267 ut
500 1226 694 1281 pluribus
733 1227 841 1266 infra
883 1229 1222 1268 monstrabimus.
1280 1229 1402 1269 Sistit
1441 1232 1573 1287 igitur

102 1298 183 1343 τόν
214 1294 474 1356 πρόδρομον
499 1299 583 1342 τόν
612 1294 907 1356 πληρώσαντα
950 1295 1030 1343 τόν
1077 1296 1253 1356 δρόμον
1296 1306 1363 1358 (ut
1398 1319 1493 1360 pag.
1531 1311 1570 1352 4.

102 1375 221 1426 elicit)
251 1375 301 1414 ad
340 1373 505 1414 Inferos
551 1376 903 1426 descendentem,
949 1375 1094 1430 ibique
1133 1376 1368 1430 Prophetis
1409 1381 1570 1419 veteris

101 1448 360 1487 Testamenti
407 1447 632 1488 adventum
678 1448 836 1489 Christi
889 1463 987 1488 mox
1016 1448 1208 1488 futurum
1239 1452 1570 1492 annuntiantem.

102 1520 269 1559 Excitat
297 1528 437 1559 autem
468 1519 680 1573 singulos,
711 1530 757 1560 ut
787 1522 894 1574 ipsi,
938 1521 1142 1576 quidquid
1173 1523 1225 1562 de
1271 1523 1432 1564 Christi
1471 1538 1570 1578 per-

98 1606 198 1631 sona
238 1601 281 1632 et
309 1591 407 1631 fatis
436 1591 649 1632 vaticinati
678 1592 784 1644 sint,
815 1602 1040 1647 exponant,
1105 1595 1356 1635 Recitantur
1386 1596 1516 1651 igitur
1545 1615 1566 1641 a

101 1664 289 1718 Davidq,
332 1665 493 1716 Jesaia,
534 1665 742 1715 Jeremia‚
780 1668 947 1717 Hosea,
1000 1675 1044 1706 et
1082 1669 1283 1708 Zacharia
1322 1662 1566 1725 (λεγόντων

99 1735 200 1790 περὶ
230 1729 415 1791 ἑκάστης
443 1737 699 1792 οἰκονομίας
728 1754 771 1793 p.
805 1742 866 1787 o.)
896 1739 1045 1788 effata,
1079 1755 1213 1796 quae,
1261 1743 1337 1783 sub
1375 1744 1566 1798 ipsorum

98 1809 266 1848 nomine
296 1824 344 1850 ac
372 1811 521 1861 titulo,
547 1812 774 1864 ³scriptura
813 1826 931 1851 sacru
960 1815 1013 1855 ἶ.
1056 1817 1103 1853 Τ.
1146 1816 1197 1854 ‹le
1239 1818 1324 1857 vita
1361 1820 1560 1859 terrestri

97 1880 199 1919 Jesu
241 1881 402 1922 Christi
450 1883 654 1925 eontinet.
723 1886 894 1939 Excipit
945 1887 1055 1927 hune
1098 1890 1269 1930 testium
1325 1892 1560 1947 catalogum

94 1953 298 2009 Dialogus
329 1955 614 2012 inter''A1517v
645 1967 687 1999 et
717 1952 964 2014 Διάβολον,
999 1962 1039 2001 in
1070 1977 1154 2016 quo
1185 1963 1255 2003 hic
1295 1979 1561 2020 suum⁴con-

163 2213 202 2256 ¹)
231 2211 333 2247 Adeo
362 2215 525 2260 rigorose
551 2219 644 2255 hacc
669 2222 729 2255 lex
757 2223 993 2268 observatur,
1020 2232 1062 2261 ut
1087 2227 1166 2273 ipsa
1190 2230 1337 2269 Macer,
1375 2231 1415 2263 in
1445 2235 1553 2266 tanto

229 2283 355 2312 tamen
387 2281 529 2319 honore
565 2286 715 2330 habita,
752 2291 790 2323 in
834 2290 904 2324 hoc
946 2303 1030 2325 casu
1075 2293 1174 2327 Filio
1211 2296 1339 2330 cedat!
1390 2299 1553 2343 Quoties

228 2346 328 2378 cuim
352 2348 500 2383 Festum
525 2351 839 2387 Annzmciacz'onis
864 2357 1016 2390 illm-lae
1043 2357 1075 2390 d.
1103 2359 1146 2391 25>
1181 2360 1308 2394 Martii
1342 2362 1489 2397 incidit
1510 2366 1550 2398 in

223 2407 474 2455 Septimanam
499 2429 687 2463 magnam,
729 2419 775 2452 ad
812 2422 991 2456 Dominio.
1024 2430 1107 2468 post
1147 2426 1280 2460 Pascha
1316 2429 1546 2463 transfertur.

224 2475 335 2508 Plane
367 2479 480 2523 igitur
505 2484 750 2525 eontrarium,
793 2497 903 2530 quani
930 2487 969 2519 in
995 2488 1106 2521 Festo
1141 2491 1357 2525 nativitatis
1395 2494 1543 2535 Christi,

227 2541 294 2574 uhi
320 2545 445 2589 plures
480 2549 738 2584 solemnitates
775 2553 936 2595 (Christi
971 2556 1134 2597 natales,
1168 2555 1379 2601 Stephanus
1414 2561 1544 2592 Proto-

223 2606 386 2652 Martyr‚
414 2609 576 2648 Joannes
602 2615 832 2662 Evangelista
859 2625 898 2654 et
923 2620 1161 2666 Innocentes)
1187 2627 1274 2655 sunt
1308 2624 1517 2669 copulatae.

1175 2690 1268 2740 3*
