1913 3073
95 330 247 385 σῶμα,
276 324 502 386 ’ἠθέτησιῖς
539 345 602 386 με
644 325 728 386 ’τήν
768 325 922 388 χάριν,
973 324 999 372 ἐ
1039 326 1284 390 μεταλήψῃ
1311 347 1374 388 μθ
1397 334 1476 389 τῆς
1505 328 1561 376 α’-

97 400 334 447 θανασῐας·
366 397 626 454 προσῆλθεν
657 393 803 445 ἄλλος.
839 393 1021 451 Ἐἷπες,
1054 395 1121 441 ὅτι
1149 400 1201 440 ἐκ
1232 394 1484 456 ἐγεννήθην
1513 402 1559 456 *)

101 474 146 511 ἐκ
176 466 404 523 παρθένε,
436 469 511 507 ἵνα
540 458 657 505 σώσω
687 460 737 507 τό
770 467 895 519 σῶμα
925 468 1003 514 τῆς
1031 464 1260 520 παρθένε,
1308 461 1333 507 ἑ
1363 462 1560 527 σωθήσῃ·

100 540 279 582 ἕκαστος
308 529 576 588 α’ποφέρετιιι
599 525 653 572 τά
685 525 953 586 φρονήματα
967 533 1036 582 *Ὅ
1065 530 1168 589 περὶ
1190 530 1389 581 πίστεως.

790 760 865 813 ΙΙ.

149 896 596 982 Fraymenta
639 893 976 960 nonnulla
1024 895 1379 982 exeyetica
1427 918 1518 962 ex

689 997 992 1065 Catenis.

598 1164 1064 1221 Praemonendcz.

102 1298 315 1366 Praeter
357 1323 579 1366 oudinum
621 1324 932 1378 (Commentar.
963 1324 1016 1364 de
1048 1323 1246 1377 scriptor.
1291 1323 1419 1378 antiq.
1459 1323 1564 1363 eccl.

112 1404 165 1442 T.
193 1401 224 1440 1.
257 1414 300 1453 p.
329 1397 403 1452 391
439 1420 490 1429 -·
519 1411 584 1451 92.
618 1398 713 1437 coll.
745 1413 787 1451 p.
818 1397 961 1450 426.),
991 1397 1063 1451 qui
1100 1396 1237 1436 omnia
1282 1397 1450 1436 omnino
1481 1398 1566 1435 Eu-

104 1467 212 1509 sebii
264 1464 462 1504 Emeseni
502 1464 662 1517 scripta
703 1464 912 1503 interiisse
953 1462 1154 1513 affirmat,
1211 1462 1278 1502 alii
1321 1462 1399 1502 viri
1451 1461 1567 1501 docti

106 1532 308 1574 nonnulla
338 1532 427 1584 ejus
458 1529 691 1583 fragmenta
720 1531 936 1584 exegetica
967 1532 1009 1569 iu
1040 1530 1206 1568 Catenis
1238 1531 1412 1569 Patrum
1444 1528 1566 1567 nobis

106 1612 199 1639 esse
231 1605 396 1636 servata
433 1596 600 1634 docent.
658 1596 717 1635 Ita
749 1596 789 1633 in
829 1597 943 1635 Phil.
981 1596 1146 1635 Labbei
1185 1595 1295 1634 libro
1349 1595 1564 1634 rarissimo

103 1666 156 1705 de
187 1664 383 1717 scriptor.
417 1662 566 1702 eccles.
598 1662 728 1701 Paris.
764 1663 877 1703 1660.
911 1664 949 1703 8.
981 1664 1028 1702 T.
1060 1664 1089 1701 Ι.
1121 1677 1161 1715 p.
1204 1676 1297 1716 779.
1348 1662 1567 1715 scriptum:

112 1732 298 1781 „Extant
326 1742 377 1767 ex
407 1728 496 1781 ejus
529 1727 847 1766 Commentariis
878 1728 919 1766 in
950 1742 1109 1768 sacram
1149 1728 1403 1782 scripturam
1444 1742 1570 1782 quae-

106 1796 200 1836 dam
229 1793 340 1848 apud
370 1792 689 1832 'rheodoretum
730 1802 771 1832 et
801 1794 841 1832 in
874 1795 1040 1833 Catenis
1073 1795 1331 1833 Graecarum
1361 1782 1569 1848 Explanass

106 1863 312 1902 tionmn“.
371 1859 590 1899 Consentit
618 1861 682 1899 El.
717 1861 984 1899 du-Pinius
1023 1862 1064 1899 in
1104 1862 1212 1900 Nov.
1254 1859 1461 1899 Biblioth.
1500 1875 1570 1900 au-

107 1935 272 1967 ctorum
301 1925 450 1964 eccles.
482 1927 530 1964 T.
562 1926 611 1963 II.
646 1926 793 1967 Colon.
831 1926 942 1980 1692.
974 1930 1012 1972 4.
1046 1941 1087 1980 p.
1125 1924 1223 1965 126:
1282 1927 1365 1975 „Et
1405 1927 1570 1980 reperi-

105 2001 234 2032 untur
281 1992 416 2031 adhuc
466 1991 508 2030 in
561 1991 726 2031 Catenis
775 1994 947 2032 Graecis
987 1993 1029 2031 in
1071 1993 1336 2046 Scripturam
1387 1993 1571 2047 plurima

108 2059 384 2112 Fragmenta,
428 2071 532 2111 quae
575 2058 762 2098 Eusebio
804 2060 1017 2098 Emeseno
1056 2059 1396 2098 adscribuntur-⁶.
1455 2060 1572 2099 Idem

109 2123 320 2177 judicatur
348 2125 390 2162 iu
424 2127 582 2163 Franc.
622 2126 881 2177 Combesisii
917 2125 1120 2165 Biblioth.
1153 2125 1354 2165 Concion.
1386 2128 1435 2166 T.
1465 2128 1495 2164 I.
1526 2141 1569 2180 p.

113 2202 183 2228 12:
219 2189 423 2239 „Eusebii
454 2190 639 2230 Emiseni
669 2192 850 2242 nomine,
882 2191 1073 2245 exceptis
1103 2192 1295 2245 pauculis
1326 2205 1379 2231 ex
1412 2192 1571 2233 catena

109 2256 296 2305 Graeca,
325 2257 434 2295 nulla
462 2256 583 2296 nobis
614 2263 798 2298 extant“.

215 2323 274 2361 lta
316 2322 501 2376 judicant
542 2322 666 2362 etiam
707 2324 775 2363 alii
813 2324 895 2364 viri
941 2324 1079 2374 docti3
1120 2324 1195 2364 sed
1232 2338 1356 2365 nemo
1403 2339 1571 2376 eorum,

107 2396 305 2441 quantum
338 2388 536 2442 equidem
565 2389 678 2442 scio,
716 2404 919 2445 quaenam
949 2391 1031 2431 sint
1059 2391 1127 2431 illa
1177 2389 1428 2445 fragmenta,
1459 2402 1502 2434 et
1529 2394 1572 2433 in

180 2590 220 2632 *)
246 2591 311 2625 Ed.
339 2593 438 2628 Rom.
466 2597 505 2625 ct
530 2593 627 2638 Lips.
653 2590 770 2637 εἶπεν,
795 2589 854 2628 ὅτι
878 2590 918 2629 ἐκ
941 2591 1146 2639 ἐγεννήθης.

160 2647 217 2690 n)
247 2647 341 2682 Edit.
370 2651 468 2683 Rom.
497 2655 534 2684 et
559 2651 654 2696 Lips.
682 2657 768 2685 ante
794 2656 877 2696 περὶ
901 2654 1148 2698 praemittunt
1171 2650 1227 2689 τά.
