1913 3073
702 188 970 232 „67-

105 308 373 351 Barclesanis
402 309 600 364 discipuli
642 308 714 349 diu
764 309 806 348 in
843 308 1023 350 ccclesia
1073 310 1288 352 Edessena
1327 309 1568 354 floruerunt

105 394 147 426 et
189 393 334 426 contra
371 384 467 425 illos
527 383 778 423 clarissimus
824 383 894 423 ille
943 385 1160 438 Ephraem
1198 385 1363 436 Syrus,
1421 386 1567 426 Nostri

106 468 285 497 coaevus
323 465 367 497 et
413 457 716 512 συμπολίτης,
759 456 889 496 multa
935 458 1117 512 scripsit.
1195 460 1345 514 Neque
1401 460 1566 501 silentio

104 530 415 584 praetereunda
444 540 508 572 est
538 533 731 582 societas,
761 533 878 585 cujus
910 531 1164 586 participem
1195 533 1396 573 Nostrum
1425 534 1570 575 reddit

107 617 202 642 cum
252 605 464 654 Isidoro,
517 602 795 645 famosissimo
840 604 914 644 illo
958 604 1222 659 Philosopbo
1262 601 1568 664 θανματέργῳ

103 677 292 716 Photius
330 678 374 717 in
417 676 622 721 Biblioth.
661 676 754 717 cod.
806 681 902 727 242,
949 676 1003 716 de
1044 692 1126 732 qua
1165 679 1338 734 quidem
1375 694 1423 720 re
1462 680 1570 721 infra

102 749 226 803 plura
257 758 352 789 sunt
380 749 572 790 dicenda.
621 751 686 790 Ex
717 764 783 802 eo,
813 750 930 806 quod
961 751 1174 805 Georgius
1203 753 1394 808 reliquos
1423 754 1572 796 docto·

104 834 202 872 res,
233 821 526 875 Patrophilum
575 822 969 876 scythopolitanum
1012 830 1055 861 et
1094 823 1328 865 Eusebimn
1368 826 1570 869 Caesare-

105 908 263 948 eusem,
282 894 576 947 nominaverit,
596 895 706 935 haud
728 904 892 936 temere
913 896 1055 949 colligi
1075 906 1232 950 posset,
1256 911 1352 938 eum
1367 898 1569 942 doctores

104 967 345 1008 Edessenos
385 983 471 1009 non
515 969 777 1021 nominasse,
826 982 922 1010 cum
972 967 1098 1009 titulo
1136 969 1400 1023 honorabili,
1455 975 1572 1028 quod

103 1030 241 1095 ajunt:‚
270 1040 314 1080 id
343 1040 438 1080 fieri
468 1055 552 1081 non
581 1050 739 1095 posset.

212 1113 411 1154 Certiora
442 1122 560 1165 sunt,
592 1129 699 1169 quae
735 1114 787 1154 de
818 1115 1084 1156 institutione
1117 1115 1338 1171 exegetica
1367 1126 1412 1159 et
1437 1116 1572 1160 homi-

103 1185 228 1226 letica
258 1187 385 1242 (quae
416 1188 459 1226 in
491 1189 659 1244 antiqua
689 1190 868 1230 ecclesia
898 1204 1070 1245 semper
1099 1190 1274 1231 fuerunt
1304 1192 1571 1246 conjunctae,

104 1268 153 1298 ut
180 1271 231 1298 ex
262 1260 453 1315 Origene
486 1269 529 1300 et
559 1262 785 1315 Augustini
814 1262 925 1303 libro
968 1263 1021 1302 de
1062 1263 1256 1304 doctrina
1288 1264 1376 1303 chr.
1419 1269 1573 1320 patet),

103 1345 184 1385 per
223 1331 442 1374 Eusebium
497 1336 826 1375 caesareensem
865 1343 908 1375 et
946 1336 1256 1390 Patroplaeilum
1294 1339 1574 1393 Scythopoli-

107 1416 259 1446 tanum
289 1420 340 1446 ex
369 1408 558 1461 Georgio
592 1417 828 1448 narrantur.
888 1409 1088 1449 Socrates
1121 1409 1274 1451 habet:
1318 1411 1453 1460 Τέλος
1482 1410 1572 1457 ’ὑπὸ

104 1478 373 1535 ΙῙατροφὶλθ
404 1479 474 1521 καὶ
503 1474 700 1536 Εὖσεβίε
730 1476 784 1523 ‘cci
816 1476 912 1537 ἱερά
952 1476 1227 1538 ἦρμηνεύθη
1256 1484 1425 1540 βιβλία·
1455 1479 1518 1530 οἷν
1548 1484 1574 1531 o‘

103 1554 191 1607 μὲν
220 1552 298 1606 τῆς
329 1554 376 1594 ἐν
406 1552 681 1610 Καισαρείᾳ,
714 1549 739 1598 0‘
776 1553 823 1597 δέ
853 1556 932 1610 τῆς
952 1557 999 1598 ἐν
1017 1551 1305 1599 Σκυθοπόλει
1334 1561 1571 1614 προΐστατο

106 1625 347 1680 ἐκκλησίας·
404 1627 521 1667 Idem
554 1627 817 1668 Sozomenus
846 1628 912 1669 his
944 1630 1146 1684 exprimit
1175 1632 1344 1673 verbis:
1387 1634 1573 1692 ’ὕστερον

106 1697 154 1742 δὲ
193 1701 377 1759 ἐξηγητῇ
419 1694 630 1760 Εὐσεβίῳ
670 1703 732 1759 τῷ
778 1702 1024 1759 ΙῙαμᾳίλε,
1073 1703 1148 1747 καὶ
1195 1705 1472 1766 Πατροφίλῳ
1510 1711 1574 1766 τῷ

104 1774 414 1832 προϊσταμένῳ
456 1769 810 1824 Σκυθοπόλεως,
855 1774 934 1823 τιὲς
977 1775 1108 1824 θείας
1144 1777 1301 1834 βίβλες
1338 1780 1568 1839 ἠκρίβωσε.

104 1851 320 1890 Habemus
350 1850 481 1905 igitur
521 1852 830 1892 accuratiorem
859 1853 1089 1906 temporis,
1131 1866 1215 1907 quo
1244 1853 1402 1894 Noster
1431 1857 1570 1899 studia

105 1939 177 1965 sua
207 1923 445 1977 theologica
485 1923 686 1974 absolvit,
725 1922 972 1964 finitionem.
1032 1926 1136 1964 ‘Nam
1175 1925 1424 1979 Duumviri,
1464 1943 1568 1984 quo-

104 2013 199 2038 rum
228 1998 492 2038 institutione
522 2013 621 2038 usus
654 2006 742 2049 est,
773 1998 894 2039 initio
923 1998 1079 2039 saeculi
1111 1999 1182 2043 IV.
1211 1997 1480 2054 floruerunt,
1525 2012 1570 2045 et

106 2070 159 2110 de
192 2070 379 2110 Eusebio
413 2071 684 2110 Caesareensi
713 2085 794 2124 pro
825 2080 946 2112 certo
978 2081 1164 2124 constat,
1200 2087 1295 2114 eum
1325 2075 1376 2114 ab
1407 2091 1444 2116 a.
1473 2077 1567 2125 314.

105 2157 240 2198 usque
270 2144 322 2183 ad
352 2159 386 2184 a.
418 2145 510 2190 340.
542 2144 768 2186 cathedrae
801 2146 1074 2187 Caesareensi
1106 2153 1221 2198 (nam
1258 2149 1568 2193 Antiochenam

104 2215 336 2268 recusavit)
370 2215 621 2270 praefuisse.
671 2217 849 2258 Accedit
879 2219 1166 2261 testimonium
1196 2223 1424 2264 Sozomeni
1452 2224 1493 2264 h.
1528 2239 1565 2266 e.

104 2287 176 2326 lib.
209 2288 279 2326 111.
311 2301 346 2327 c.
391 2290 451 2330 13.
483 2303 524 2342 p.
556 2289 673 2341 28.3.‚
714 2289 787 2328 ubi
828 2291 1059 2333 Eusebium
1100 2295 1380 2347 Emeseuum,
1422 2299 1566 2339 Titum

100 2363 402 2414 Rom-ensem,
451 2363 731 2417 Serapionem
771 2363 1144 2419 Thmuaetensem‚
1185 2370 1388 2410 Basilium
1428 2373 1566 2427 Ancy-

102 2450 274 2487 tanum,
304 2435 569 2485 Eudoxium‚
599 2437 800 2477 Acacium
830 2448 873 2478 et
903 2439 1104 2491 Cyrillum
1132 2442 1564 2497 Hierosolymitanum

101 2516 297 2564 tanquam
328 2523 509 2550 coaevos
538 2510 690 2551 laudat.
748 2513 813 2551 Ex
841 2511 993 2553 eodem
1025 2522 1200 2554 auctore
1233 2513 1321 2568 (lib.
1354 2517 1422 2557 III.
1454 2532 1488 2559 c.
1522 2522 1561 2562 5.

102 2596 144 2636 p.
184 2583 296 2636 270.)
343 2590 529 2634 constat,
578 2596 673 2623 eum
716 2584 758 2624 in
799 2583 944 2626 favore
1000 2587 1275 2640 Imperatoris
1314 2590 1565 2634 Constantii

103 2656 260 2708 fuisse3
313 2658 578 2712 propiusque
618 2658 783 2699 accedit
824 2659 1111 2702 testimonium
1172 2662 1437 2717 Hieronymi
1486 2665 1561 2715 (de

1201 2736 1291 2785 5.
