<?xml version="1.0" encoding="UTF-8"?>
<!DOCTYPE html PUBLIC "-//W3C//DTD XHTML 1.0 Transitional//EN"
    "http://www.w3.org/TR/xhtml1/DTD/xhtml1-transitional.dtd">
<html xmlns="http://www.w3.org/1999/xhtml" xml:lang="en" lang="en">
 <head>
  <title>
</title>
<meta http-equiv="Content-Type" content="text/html;charset=utf-8" />
  <meta name='ocr-system' content='tesseract 3.04.00' />
  <meta name='ocr-capabilities' content='ocr_page ocr_carea ocr_par ocr_line ocrx_word'/>
</head>
<body>
  <div class='ocr_page' id='page_1' title='image "./eusebiiemeseniqu00auguuoft_0136.png"; bbox 0 0 1773 3032; ppageno 0'>
   <div class='ocr_carea' id='block_1_1' title="bbox 851 203 1146 248">
    <p class='ocr_par' dir='ltr' id='par_1_1' title="bbox 851 203 1146 248">
     <span class='ocr_line' id='line_1_1' title="bbox 851 203 1146 248; baseline 0.003 -15"><span class='ocrx_word' id='word_1_1' title='bbox 851 203 1146 248; x_wconf 65' lang='lat'>,130-</span> 
     </span>
    </p>
   </div>
   <div class='ocr_carea' id='block_1_2' title="bbox 245 323 1718 2202">
    <p class='ocr_par' dir='ltr' id='par_1_2' title="bbox 245 323 1718 1112">
     <span class='ocr_line' id='line_1_2' title="bbox 265 323 1717 382; baseline 0 -14"><span class='ocrx_word' id='word_1_2' title='bbox 265 340 338 368; x_wconf 84' lang='lat' dir='ltr'><strong>sua</strong></span> <span class='ocrx_word' id='word_1_3' title='bbox 369 326 422 366; x_wconf 89' lang='lat' dir='ltr'><strong>de</strong></span> <span class='ocrx_word' id='word_1_4' title='bbox 451 324 551 365; x_wconf 87' lang='lat' dir='ltr'><strong>Jesu</strong></span> <span class='ocrx_word' id='word_1_5' title='bbox 581 323 740 366; x_wconf 84' lang='lat' dir='ltr'><strong>Christi</strong></span> <span class='ocrx_word' id='word_1_6' title='bbox 767 336 951 377; x_wconf 86' lang='lat' dir='ltr'><strong>persona</strong></span> <span class='ocrx_word' id='word_1_7' title='bbox 978 332 1022 364; x_wconf 87' lang='lat' dir='ltr'><strong>et</strong></span> <span class='ocrx_word' id='word_1_8' title='bbox 1053 323 1148 364; x_wconf 78' lang='lat' dir='ltr'><strong>fatis</strong></span> <span class='ocrx_word' id='word_1_9' title='bbox 1176 323 1403 379; x_wconf 85' lang='lat' dir='ltr'><strong>proferant</strong></span> <span class='ocrx_word' id='word_1_10' title='bbox 1439 334 1482 366; x_wconf 86' lang='lat' dir='ltr'><strong>et</strong></span> <span class='ocrx_word' id='word_1_11' title='bbox 1520 334 1717 382; x_wconf 78' lang='lat' dir='ltr'><strong>repetant</strong></span> 
     </span>
     <span class='ocr_line' id='line_1_3' title="bbox 261 396 1718 451; baseline -0.001 -10"><span class='ocrx_word' id='word_1_12' title='bbox 261 398 469 442; x_wconf 85' lang='lat' dir='ltr'><strong>vaticinia.</strong></span> <span class='ocrx_word' id='word_1_13' title='bbox 525 399 623 438; x_wconf 90' lang='lat' dir='ltr'><strong>Hoc</strong></span> <span class='ocrx_word' id='word_1_14' title='bbox 653 410 737 436; x_wconf 89' lang='lat' dir='ltr'><strong>non</strong></span> <span class='ocrx_word' id='word_1_15' title='bbox 768 396 830 435; x_wconf 88' lang='lat' dir='ltr'><strong>ita</strong></span> <span class='ocrx_word' id='word_1_16' title='bbox 858 396 1196 451; x_wconf 83' lang='lat' dir='ltr'><strong>intelligendum,</strong></span> <span class='ocrx_word' id='word_1_17' title='bbox 1223 411 1270 439; x_wconf 85' lang='lat' dir='ltr'><strong>ac</strong></span> <span class='ocrx_word' id='word_1_18' title='bbox 1299 397 1334 438; x_wconf 92' lang='lat' dir='ltr'><strong>si</strong></span> <span class='ocrx_word' id='word_1_19' title='bbox 1355 399 1542 440; x_wconf 80' lang='lat' dir='ltr'><strong>Joannes</strong></span> <span class='ocrx_word' id='word_1_20' title='bbox 1570 413 1718 440; x_wconf 83' lang='lat' dir='ltr'><strong>rerum</strong></span> 
     </span>
     <span class='ocr_line' id='line_1_4' title="bbox 266 461 1718 528; baseline -0.001 -15"><span class='ocrx_word' id='word_1_21' title='bbox 266 473 509 513; x_wconf 79' lang='lat' dir='ltr'><strong>futurarum</strong></span> <span class='ocrx_word' id='word_1_22' title='bbox 537 470 705 523; x_wconf 82' lang='lat' dir='ltr'><strong>ignarus</strong></span> <span class='ocrx_word' id='word_1_23' title='bbox 733 461 818 524; x_wconf 64' lang='grc' dir='ltr'><strong>τήν</strong></span> <span class='ocrx_word' id='word_1_24' title='bbox 846 467 1121 528; x_wconf 78' lang='grc' dir='ltr'><strong><em>προφητείαν</em></strong></span> <span class='ocrx_word' id='word_1_25' title='bbox 1148 468 1221 512; x_wconf 81' lang='grc' dir='ltr'><strong>καὶ</strong></span> <span class='ocrx_word' id='word_1_26' title='bbox 1249 469 1506 527; x_wconf 77' lang='grc' dir='ltr'><em>οἰκονομίαν</em></span> <span class='ocrx_word' id='word_1_27' title='bbox 1543 486 1628 513; x_wconf 91' lang='lat' dir='ltr'><strong>non</strong></span> <span class='ocrx_word' id='word_1_28' title='bbox 1653 472 1718 513; x_wconf 88' lang='lat' dir='ltr'><strong>in-</strong></span> 
     </span>
     <span class='ocr_line' id='line_1_5' title="bbox 261 542 1716 599; baseline -0.001 -11"><span class='ocrx_word' id='word_1_29' title='bbox 261 544 503 593; x_wconf 82' lang='lat' dir='ltr'><strong>tellexerit3</strong></span> <span class='ocrx_word' id='word_1_30' title='bbox 551 543 625 582; x_wconf 88' lang='lat' dir='ltr'><strong>sed</strong></span> <span class='ocrx_word' id='word_1_31' title='bbox 665 542 830 582; x_wconf 87' lang='lat' dir='ltr'><strong>sistitur</strong></span> <span class='ocrx_word' id='word_1_32' title='bbox 866 551 1062 598; x_wconf 80' lang='lat' dir='ltr'><strong>tanquam</strong></span> <span class='ocrx_word' id='word_1_33' title='bbox 1101 543 1252 584; x_wconf 89' lang='lat' dir='ltr'><strong>doctor</strong></span> <span class='ocrx_word' id='word_1_34' title='bbox 1291 545 1408 599; x_wconf 82' lang='lat' dir='ltr'><strong>quasi</strong></span> <span class='ocrx_word' id='word_1_35' title='bbox 1456 545 1716 597; x_wconf 79' lang='lat' dir='ltr'><strong>Socraticus,</strong></span> 
     </span>
     <span class='ocr_line' id='line_1_6' title="bbox 260 615 1715 677; baseline 0.003 -19"><span class='ocrx_word' id='word_1_36' title='bbox 260 620 333 675; x_wconf 89' lang='lat' dir='ltr'><strong>qui</strong></span> <span class='ocrx_word' id='word_1_37' title='bbox 361 615 675 673; x_wconf 83' lang='lat' dir='ltr'><strong>quaestionibus</strong></span> <span class='ocrx_word' id='word_1_38' title='bbox 691 616 926 677; x_wconf 65' lang='lat' dir='ltr'><strong>propositis</strong></span> <span class='ocrx_word' id='word_1_39' title='bbox 956 615 1171 671; x_wconf 83' lang='lat' dir='ltr'><strong>discipulis</strong></span> <span class='ocrx_word' id='word_1_40' title='bbox 1200 617 1270 659; x_wconf 89' lang='lat' dir='ltr'><strong>vel</strong></span> <span class='ocrx_word' id='word_1_41' title='bbox 1299 618 1563 659; x_wconf 82' lang='lat' dir='ltr'><strong>auditoribus</strong></span> <span class='ocrx_word' id='word_1_42' title='bbox 1593 634 1715 661; x_wconf 88' lang='lat' dir='ltr'><strong>occa-</strong></span> 
     </span>
     <span class='ocr_line' id='line_1_7' title="bbox 259 687 1713 746; baseline -0.001 -11"><span class='ocrx_word' id='word_1_43' title='bbox 259 695 420 735; x_wconf 81' lang='lat' dir='ltr'><strong>sionem</strong></span> <span class='ocrx_word' id='word_1_44' title='bbox 448 688 628 744; x_wconf 84' lang='lat' dir='ltr'><strong>praebet</strong></span> <span class='ocrx_word' id='word_1_45' title='bbox 656 687 909 743; x_wconf 83' lang='lat' dir='ltr'><strong>proferendi</strong></span> <span class='ocrx_word' id='word_1_46' title='bbox 937 689 1004 741; x_wconf 84' lang='lat' dir='ltr'><strong>id,</strong></span> <span class='ocrx_word' id='word_1_47' title='bbox 1036 689 1150 744; x_wconf 85' lang='lat' dir='ltr'><strong>quod</strong></span> <span class='ocrx_word' id='word_1_48' title='bbox 1187 690 1230 730; x_wconf 89' lang='lat' dir='ltr'><strong>in</strong></span> <span class='ocrx_word' id='word_1_49' title='bbox 1274 691 1410 732; x_wconf 88' lang='lat' dir='ltr'><strong>animo</strong></span> <span class='ocrx_word' id='word_1_50' title='bbox 1451 700 1496 732; x_wconf 85' lang='lat' dir='ltr'><strong>et</strong></span> <span class='ocrx_word' id='word_1_51' title='bbox 1533 701 1713 746; x_wconf 85' lang='lat' dir='ltr'><strong>pectore</strong></span> 
     </span>
     <span class='ocr_line' id='line_1_8' title="bbox 245 763 1714 817; baseline -0.001 -10"><span class='ocrx_word' id='word_1_52' title='bbox 245 765 427 807; x_wconf 75' lang='lat' dir='ltr'><strong>habent.</strong></span> <span class='ocrx_word' id='word_1_53' title='bbox 493 763 737 817; x_wconf 86' lang='lat' dir='ltr'><strong>Prophetae</strong></span> <span class='ocrx_word' id='word_1_54' title='bbox 789 777 813 803; x_wconf 90' lang='lat' dir='ltr'><strong>a</strong></span> <span class='ocrx_word' id='word_1_55' title='bbox 870 764 1029 803; x_wconf 88' lang='lat' dir='ltr'><strong>Nostro</strong></span> <span class='ocrx_word' id='word_1_56' title='bbox 1083 764 1252 805; x_wconf 81' lang='lat' dir='ltr'><strong>excitati</strong></span> <span class='ocrx_word' id='word_1_57' title='bbox 1301 778 1356 805; x_wconf 84' lang='lat' dir='ltr'><strong>ex</strong></span> <span class='ocrx_word' id='word_1_58' title='bbox 1410 766 1619 806; x_wconf 85' lang='lat' dir='ltr'><strong>concessis</strong></span> <span class='ocrx_word' id='word_1_59' title='bbox 1670 774 1714 805; x_wconf 86' lang='lat' dir='ltr'><strong>et</strong></span> 
     </span>
     <span class='ocr_line' id='line_1_9' title="bbox 259 837 1713 892; baseline 0.001 -14"><span class='ocrx_word' id='word_1_60' title='bbox 259 837 465 882; x_wconf 85' lang='lat' dir='ltr'><strong>confessis</strong></span> <span class='ocrx_word' id='word_1_61' title='bbox 509 838 741 892; x_wconf 77' lang='lat' dir='ltr'><strong>loquutur,</strong></span> <span class='ocrx_word' id='word_1_62' title='bbox 789 850 1022 891; x_wconf 89' lang='lat' dir='ltr'><strong>eorumque</strong></span> <span class='ocrx_word' id='word_1_63' title='bbox 1076 837 1269 877; x_wconf 81' lang='lat' dir='ltr'><strong>vaticinia</strong></span> <span class='ocrx_word' id='word_1_64' title='bbox 1317 838 1433 879; x_wconf 89' lang='lat' dir='ltr'><strong>nullo</strong></span> <span class='ocrx_word' id='word_1_65' title='bbox 1482 838 1564 878; x_wconf 90' lang='lat' dir='ltr'><strong>alio</strong></span> <span class='ocrx_word' id='word_1_66' title='bbox 1613 838 1713 879; x_wconf 83' lang='lat' dir='ltr'><strong>alle-</strong></span> 
     </span>
     <span class='ocr_line' id='line_1_10' title="bbox 260 909 1710 967; baseline 0.001 -15"><span class='ocrx_word' id='word_1_67' title='bbox 260 920 412 967; x_wconf 82' lang='lat' dir='ltr'><strong>gantur</strong></span> <span class='ocrx_word' id='word_1_68' title='bbox 482 910 658 950; x_wconf 87' lang='lat' dir='ltr'><strong>consilio</strong></span> <span class='ocrx_word' id='word_1_69' title='bbox 680 939 692 960; x_wconf 89' lang='lat'>‚</span> <span class='ocrx_word' id='word_1_70' title='bbox 749 924 872 964; x_wconf 88' lang='lat' dir='ltr'><strong>quam</strong></span> <span class='ocrx_word' id='word_1_71' title='bbox 930 918 978 949; x_wconf 85' lang='lat' dir='ltr'><strong>ut</strong></span> <span class='ocrx_word' id='word_1_72' title='bbox 1032 909 1306 950; x_wconf 87' lang='lat' dir='ltr'><strong>confirmetur</strong></span> <span class='ocrx_word' id='word_1_73' title='bbox 1355 913 1563 952; x_wconf 82' lang='lat' dir='ltr'><strong>sententia</strong></span> <span class='ocrx_word' id='word_1_74' title='bbox 1609 926 1710 967; x_wconf 85' lang='lat' dir='ltr'><strong>apo-</strong></span> 
     </span>
     <span class='ocr_line' id='line_1_11' title="bbox 257 976 1714 1041; baseline -0.002 -14"><span class='ocrx_word' id='word_1_75' title='bbox 257 987 425 1027; x_wconf 82' lang='lat' dir='ltr'><strong>stolica:</strong></span> <span class='ocrx_word' id='word_1_76' title='bbox 471 980 720 1040; x_wconf 74' lang='grc' dir='ltr'><em>προφητεία</em></span> <span class='ocrx_word' id='word_1_77' title='bbox 757 983 934 1041; x_wconf 72' lang='grc' dir='ltr'><em>γραφῆς</em></span> <span class='ocrx_word' id='word_1_78' title='bbox 980 980 1096 1030; x_wconf 72' lang='grc' dir='ltr'><em>ἰδίας</em></span> <span class='ocrx_word' id='word_1_79' title='bbox 1135 976 1159 1025; x_wconf 73' lang='grc' dir='ltr'><em>ἑ</em></span> <span class='ocrx_word' id='word_1_80' title='bbox 1197 981 1365 1041; x_wconf 75' lang='grc' dir='ltr'><em>γίνεται</em></span> <span class='ocrx_word' id='word_1_81' title='bbox 1405 977 1640 1032; x_wconf 73' lang='grc' dir='ltr'><strong><em>ἐπιλύσεως</em></strong></span> <span class='ocrx_word' id='word_1_82' title='bbox 1670 982 1714 1039; x_wconf 78' lang='lat'><strong>(2</strong></span> 
     </span>
     <span class='ocr_line' id='line_1_12' title="bbox 253 1059 552 1112; baseline -0.007 -12"><span class='ocrx_word' id='word_1_83' title='bbox 253 1060 372 1100; x_wconf 85' lang='lat' dir='ltr'><strong>Petr.</strong></span> <span class='ocrx_word' id='word_1_84' title='bbox 403 1059 434 1099; x_wconf 83' lang='grc' dir='ltr'><strong>Ι.</strong></span> <span class='ocrx_word' id='word_1_85' title='bbox 465 1059 552 1112; x_wconf 82' lang='lat'><strong>20).</strong></span> 
     </span>
    </p>

    <p class='ocr_par' dir='ltr' id='par_1_3' title="bbox 246 1129 1711 2202">
     <span class='ocr_line' id='line_1_13' title="bbox 363 1129 1711 1184; baseline 0 -13"><span class='ocrx_word' id='word_1_86' title='bbox 363 1131 623 1172; x_wconf 86' lang='lat' dir='ltr'><strong>Testimonia</strong></span> <span class='ocrx_word' id='word_1_87' title='bbox 664 1139 806 1171; x_wconf 88' lang='lat' dir='ltr'><strong>autem</strong></span> <span class='ocrx_word' id='word_1_88' title='bbox 844 1129 1157 1184; x_wconf 80' lang='lat' dir='ltr'><strong>Prophetarum</strong></span> <span class='ocrx_word' id='word_1_89' title='bbox 1198 1131 1251 1174; x_wconf 92' lang='lat' dir='ltr'><strong>V.</strong></span> <span class='ocrx_word' id='word_1_90' title='bbox 1291 1131 1342 1171; x_wconf 81' lang='lat' dir='ltr'><strong>T.</strong></span> <span class='ocrx_word' id='word_1_91' title='bbox 1383 1131 1601 1184; x_wconf 78' lang='lat' dir='ltr'><strong>(navidis,</strong></span> <span class='ocrx_word' id='word_1_92' title='bbox 1639 1131 1711 1171; x_wconf 91' lang='lat' dir='ltr'><strong>Je-</strong></span> 
     </span>
     <span class='ocr_line' id='line_1_14' title="bbox 254 1202 1709 1258; baseline -0.001 -13"><span class='ocrx_word' id='word_1_93' title='bbox 254 1204 385 1254; x_wconf 80' lang='lat' dir='ltr'><strong>saiae,</strong></span> <span class='ocrx_word' id='word_1_94' title='bbox 416 1204 653 1255; x_wconf 78' lang='lat' dir='ltr'><strong>Jeremiae,</strong></span> <span class='ocrx_word' id='word_1_95' title='bbox 683 1206 877 1254; x_wconf 87' lang='lat' dir='ltr'><strong>Hoseae,</strong></span> <span class='ocrx_word' id='word_1_96' title='bbox 907 1202 1070 1242; x_wconf 86' lang='lat' dir='ltr'><strong>Michae</strong></span> <span class='ocrx_word' id='word_1_97' title='bbox 1101 1212 1144 1243; x_wconf 85' lang='lat' dir='ltr'><strong>et</strong></span> <span class='ocrx_word' id='word_1_98' title='bbox 1174 1202 1426 1253; x_wconf 85' lang='lat' dir='ltr'><strong>Zachariae)</strong></span> <span class='ocrx_word' id='word_1_99' title='bbox 1457 1203 1709 1258; x_wconf 85' lang='lat' dir='ltr'><strong>simpliciter</strong></span> 
     </span>
     <span class='ocr_line' id='line_1_15' title="bbox 252 1275 1708 1331; baseline -0.002 -13"><span class='ocrx_word' id='word_1_100' title='bbox 252 1286 297 1318; x_wconf 84' lang='lat' dir='ltr'><strong>et</strong></span> <span class='ocrx_word' id='word_1_101' title='bbox 323 1277 434 1316; x_wconf 84' lang='lat' dir='ltr'><strong>nulla</strong></span> <span class='ocrx_word' id='word_1_102' title='bbox 465 1276 604 1316; x_wconf 83' lang='lat' dir='ltr'><strong>addita</strong></span> <span class='ocrx_word' id='word_1_103' title='bbox 632 1275 986 1330; x_wconf 81' lang='lat' dir='ltr'><strong>interpretatione</strong></span> <span class='ocrx_word' id='word_1_104' title='bbox 1017 1276 1265 1331; x_wconf 74' lang='lat' dir='ltr'><strong>excitantur.</strong></span> <span class='ocrx_word' id='word_1_105' title='bbox 1299 1277 1363 1314; x_wconf 84' lang='lat' dir='ltr'><strong>Ex</strong></span> <span class='ocrx_word' id='word_1_106' title='bbox 1394 1290 1479 1330; x_wconf 90' lang='lat' dir='ltr'><strong>quo</strong></span> <span class='ocrx_word' id='word_1_107' title='bbox 1502 1276 1708 1327; x_wconf 84' lang='lat' dir='ltr'><strong>videmus,</strong></span> 
     </span>
     <span class='ocr_line' id='line_1_16' title="bbox 252 1347 1709 1405; baseline -0.002 -15"><span class='ocrx_word' id='word_1_108' title='bbox 252 1359 587 1390; x_wconf 81' lang='lat' dir='ltr'><strong>auctoremnon</strong></span> <span class='ocrx_word' id='word_1_109' title='bbox 617 1350 790 1405; x_wconf 82' lang='lat' dir='ltr'><strong>singulis</strong></span> <span class='ocrx_word' id='word_1_110' title='bbox 831 1349 937 1388; x_wconf 92' lang='lat' dir='ltr'><strong>locis</strong></span> <span class='ocrx_word' id='word_1_111' title='bbox 969 1356 1012 1387; x_wconf 82' lang='lat' dir='ltr'><strong>et</strong></span> <span class='ocrx_word' id='word_1_112' title='bbox 1055 1347 1279 1401; x_wconf 81' lang='lat' dir='ltr'><strong>phrasibus</strong></span> <span class='ocrx_word' id='word_1_113' title='bbox 1321 1348 1529 1388; x_wconf 85' lang='lat' dir='ltr'><strong>tenaciter</strong></span> <span class='ocrx_word' id='word_1_114' title='bbox 1567 1347 1709 1388; x_wconf 81' lang='lat' dir='ltr'><strong>inhae-</strong></span> 
     </span>
     <span class='ocr_line' id='line_1_17' title="bbox 249 1414 1708 1478; baseline -0.003 -14"><span class='ocrx_word' id='word_1_115' title='bbox 249 1424 381 1475; x_wconf 89' lang='lat' dir='ltr'><strong>sisse,</strong></span> <span class='ocrx_word' id='word_1_116' title='bbox 409 1423 485 1463; x_wconf 85' lang='lat' dir='ltr'><strong>sed</strong></span> <span class='ocrx_word' id='word_1_117' title='bbox 512 1423 793 1464; x_wconf 87' lang='lat' dir='ltr'><strong>universalem</strong></span> <span class='ocrx_word' id='word_1_118' title='bbox 823 1415 961 1478; x_wconf 72' lang='grc' dir='ltr'><em>λόγον</em></span> <span class='ocrx_word' id='word_1_119' title='bbox 990 1414 1267 1477; x_wconf 78' lang='grc' dir='ltr'><em>προφητικόν</em></span> <span class='ocrx_word' id='word_1_120' title='bbox 1310 1429 1536 1475; x_wconf 85' lang='lat' dir='ltr'><strong>spectasse.</strong></span> <span class='ocrx_word' id='word_1_121' title='bbox 1595 1420 1708 1460; x_wconf 86' lang='lat' dir='ltr'><strong>Con-</strong></span> 
     </span>
     <span class='ocr_line' id='line_1_18' title="bbox 249 1493 1708 1550; baseline -0.002 -15"><span class='ocrx_word' id='word_1_122' title='bbox 249 1494 441 1536; x_wconf 78' lang='lat' dir='ltr'><strong>firmatur</strong></span> <span class='ocrx_word' id='word_1_123' title='bbox 469 1509 522 1535; x_wconf 91' lang='lat' dir='ltr'><strong>eo</strong></span> <span class='ocrx_word' id='word_1_124' title='bbox 552 1495 755 1550; x_wconf 86' lang='lat' dir='ltr'><strong>judicium</strong></span> <span class='ocrx_word' id='word_1_125' title='bbox 784 1495 1038 1548; x_wconf 83' lang='lat' dir='ltr'><strong>Hieronymi</strong></span> <span class='ocrx_word' id='word_1_126' title='bbox 1066 1509 1087 1534; x_wconf 87' lang='lat' dir='ltr'><strong>a</strong></span> <span class='ocrx_word' id='word_1_127' title='bbox 1117 1494 1238 1534; x_wconf 82' lang='lat' dir='ltr'><strong>nobis</strong></span> <span class='ocrx_word' id='word_1_128' title='bbox 1278 1495 1359 1548; x_wconf 85' lang='lat' dir='ltr'><strong>jam</strong></span> <span class='ocrx_word' id='word_1_129' title='bbox 1400 1508 1527 1547; x_wconf 84' lang='lat' dir='ltr'><strong>supra</strong></span> <span class='ocrx_word' id='word_1_130' title='bbox 1569 1493 1708 1533; x_wconf 86' lang='lat' dir='ltr'><strong>lauda-</strong></span> 
     </span>
     <span class='ocr_line' id='line_1_19' title="bbox 251 1565 1710 1623; baseline -0.003 -14"><span class='ocrx_word' id='word_1_131' title='bbox 251 1577 356 1619; x_wconf 83' lang='lat' dir='ltr'><strong>tum,</strong></span> <span class='ocrx_word' id='word_1_132' title='bbox 385 1583 472 1623; x_wconf 87' lang='lat' dir='ltr'><strong>quo</strong></span> <span class='ocrx_word' id='word_1_133' title='bbox 503 1568 738 1608; x_wconf 88' lang='lat' dir='ltr'><strong>Eusebium</strong></span> <span class='ocrx_word' id='word_1_134' title='bbox 768 1570 908 1621; x_wconf 79' lang='lat' dir='ltr'><strong>magis</strong></span> <span class='ocrx_word' id='word_1_135' title='bbox 942 1569 1180 1608; x_wconf 77' lang='lat' dir='ltr'><strong>historiam</strong></span> <span class='ocrx_word' id='word_1_136' title='bbox 1209 1576 1392 1606; x_wconf 79' lang='lat' dir='ltr'><strong>secutum</strong></span> <span class='ocrx_word' id='word_1_137' title='bbox 1421 1566 1535 1606; x_wconf 81' lang='lat' dir='ltr'><strong>dicit.</strong></span> <span class='ocrx_word' id='word_1_138' title='bbox 1566 1565 1710 1618; x_wconf 81' lang='lat' dir='ltr'><strong>Fingit</strong></span> 
     </span>
     <span class='ocr_line' id='line_1_20' title="bbox 251 1637 1710 1697; baseline -0.001 -16"><span class='ocrx_word' id='word_1_139' title='bbox 251 1642 444 1697; x_wconf 78' lang='lat' dir='ltr'><strong>quidem⁷</strong></span> <span class='ocrx_word' id='word_1_140' title='bbox 482 1648 530 1680; x_wconf 81' lang='lat' dir='ltr'><strong>ut</strong></span> <span class='ocrx_word' id='word_1_141' title='bbox 557 1655 601 1694; x_wconf 86' lang='lat' dir='ltr'><strong>p.</strong></span> <span class='ocrx_word' id='word_1_142' title='bbox 633 1640 669 1680; x_wconf 88' lang='lat'><strong>6.</strong></span> <span class='ocrx_word' id='word_1_143' title='bbox 703 1640 862 1680; x_wconf 84' lang='lat' dir='ltr'><strong>dictum</strong></span> <span class='ocrx_word' id='word_1_144' title='bbox 914 1648 1000 1689; x_wconf 84' lang='lat' dir='ltr'><strong>est,</strong></span> <span class='ocrx_word' id='word_1_145' title='bbox 1052 1638 1285 1693; x_wconf 83' lang='lat' dir='ltr'><strong>quemlibet</strong></span> <span class='ocrx_word' id='word_1_146' title='bbox 1338 1637 1596 1692; x_wconf 87' lang='lat' dir='ltr'><strong>Prophetam</strong></span> <span class='ocrx_word' id='word_1_147' title='bbox 1634 1637 1710 1680; x_wconf 77' lang='grc' dir='ltr'><strong>λε-</strong></span> 
     </span>
     <span class='ocr_line' id='line_1_21' title="bbox 246 1704 1708 1772; baseline -0.003 -16"><span class='ocrx_word' id='word_1_148' title='bbox 246 1708 385 1772; x_wconf 75' lang='grc' dir='ltr'><em>γόντω</em></span> <span class='ocrx_word' id='word_1_149' title='bbox 413 1713 512 1769; x_wconf 72' lang='grc' dir='ltr'><strong>περὶ</strong></span> <span class='ocrx_word' id='word_1_150' title='bbox 541 1706 723 1768; x_wconf 66' lang='grc' dir='ltr'><em>ἑκάστης</em></span> <span class='ocrx_word' id='word_1_151' title='bbox 761 1710 1042 1766; x_wconf 77' lang='grc' dir='ltr'><em>οἰκονομίας,</em></span> <span class='ocrx_word' id='word_1_152' title='bbox 1081 1704 1135 1765; x_wconf 75' lang='grc' dir='ltr'><strong>ἧς</strong></span> <span class='ocrx_word' id='word_1_153' title='bbox 1164 1711 1352 1766; x_wconf 61' lang='grc' dir='ltr'><em>ἐζιιελλεν</em></span> <span class='ocrx_word' id='word_1_154' title='bbox 1380 1716 1525 1754; x_wconf 82' lang='grc' dir='ltr'><em>ποιεῖν</em></span> <span class='ocrx_word' id='word_1_155' title='bbox 1555 1705 1582 1752; x_wconf 86' lang='lat' dir='ltr'><strong>o‘</strong></span> <span class='ocrx_word' id='word_1_156' title='bbox 1607 1704 1708 1753; x_wconf 56' lang='lat' dir='ltr'><strong>K&amp;-</strong></span> 
     </span>
     <span class='ocr_line' id='line_1_22' title="bbox 250 1783 1708 1845; baseline -0.001 -19"><span class='ocrx_word' id='word_1_157' title='bbox 250 1802 368 1845; x_wconf 68' lang='grc' dir='ltr'><em>ριοςς</em></span> <span class='ocrx_word' id='word_1_158' title='bbox 408 1787 483 1826; x_wconf 85' lang='lat' dir='ltr'><strong>sed</strong></span> <span class='ocrx_word' id='word_1_159' title='bbox 524 1787 661 1826; x_wconf 86' lang='lat' dir='ltr'><strong>omnia</strong></span> <span class='ocrx_word' id='word_1_160' title='bbox 702 1785 962 1839; x_wconf 82' lang='lat' dir='ltr'><strong>singulorum</strong></span> <span class='ocrx_word' id='word_1_161' title='bbox 1008 1783 1156 1835; x_wconf 73' lang='lat' dir='ltr'><strong>effata,</strong></span> <span class='ocrx_word' id='word_1_162' title='bbox 1186 1798 1272 1824; x_wconf 90' lang='lat' dir='ltr'><strong>non</strong></span> <span class='ocrx_word' id='word_1_163' title='bbox 1302 1783 1452 1824; x_wconf 85' lang='lat' dir='ltr'><strong>ordine</strong></span> <span class='ocrx_word' id='word_1_164' title='bbox 1483 1784 1708 1825; x_wconf 87' lang='lat' dir='ltr'><strong>chronolo-</strong></span> 
     </span>
     <span class='ocr_line' id='line_1_23' title="bbox 249 1856 1707 1916; baseline -0.003 -16"><span class='ocrx_word' id='word_1_165' title='bbox 249 1862 360 1916; x_wconf 77' lang='lat' dir='ltr'><strong>gico,</strong></span> <span class='ocrx_word' id='word_1_166' title='bbox 391 1859 465 1899; x_wconf 84' lang='lat' dir='ltr'><strong>sed</strong></span> <span class='ocrx_word' id='word_1_167' title='bbox 502 1857 607 1897; x_wconf 83' lang='lat' dir='ltr'><strong>reali</strong></span> <span class='ocrx_word' id='word_1_168' title='bbox 637 1857 832 1908; x_wconf 81' lang='lat' dir='ltr'><strong>adducta,</strong></span> <span class='ocrx_word' id='word_1_169' title='bbox 859 1871 988 1897; x_wconf 88' lang='lat' dir='ltr'><strong>unum</strong></span> <span class='ocrx_word' id='word_1_170' title='bbox 1025 1865 1068 1896; x_wconf 88' lang='lat' dir='ltr'><strong>et</strong></span> <span class='ocrx_word' id='word_1_171' title='bbox 1097 1870 1316 1896; x_wconf 84' lang='lat' dir='ltr'><strong>commune</strong></span> <span class='ocrx_word' id='word_1_172' title='bbox 1347 1856 1537 1897; x_wconf 82' lang='lat' dir='ltr'><strong>efficiunt</strong></span> <span class='ocrx_word' id='word_1_173' title='bbox 1564 1856 1707 1897; x_wconf 83' lang='lat' dir='ltr'><strong>vatici-</strong></span> 
     </span>
     <span class='ocr_line' id='line_1_24' title="bbox 249 1929 1708 1986; baseline -0.002 -14"><span class='ocrx_word' id='word_1_174' title='bbox 249 1933 392 1981; x_wconf 83' lang='lat' dir='ltr'><strong>nium,</strong></span> <span class='ocrx_word' id='word_1_175' title='bbox 431 1944 515 1986; x_wconf 83' lang='lat' dir='ltr'><strong>quo</strong></span> <span class='ocrx_word' id='word_1_176' title='bbox 549 1930 705 1983; x_wconf 83' lang='lat' dir='ltr'><strong>duplex</strong></span> <span class='ocrx_word' id='word_1_177' title='bbox 735 1931 837 1970; x_wconf 85' lang='lat' dir='ltr'><strong>Jesu</strong></span> <span class='ocrx_word' id='word_1_178' title='bbox 877 1930 1034 1969; x_wconf 85' lang='lat' dir='ltr'><strong>Christi</strong></span> <span class='ocrx_word' id='word_1_179' title='bbox 1077 1937 1206 1969; x_wconf 82' lang='lat' dir='ltr'><strong>status</strong></span> <span class='ocrx_word' id='word_1_180' title='bbox 1253 1929 1509 1983; x_wconf 67' lang='lat' dir='ltr'><strong>depingitur.</strong></span> <span class='ocrx_word' id='word_1_181' title='bbox 1564 1930 1708 1969; x_wconf 82' lang='lat' dir='ltr'><strong>Docet</strong></span> 
     </span>
     <span class='ocr_line' id='line_1_25' title="bbox 247 1996 1706 2060; baseline -0.001 -17"><span class='ocrx_word' id='word_1_182' title='bbox 247 2006 389 2060; x_wconf 83' lang='lat' dir='ltr'><strong>itaque</strong></span> <span class='ocrx_word' id='word_1_183' title='bbox 420 2003 502 2043; x_wconf 91' lang='lat' dir='ltr'><strong>hoc</strong></span> <span class='ocrx_word' id='word_1_184' title='bbox 540 2001 676 2057; x_wconf 78' lang='grc' dir='ltr'><em>νέφος</em></span> <span class='ocrx_word' id='word_1_185' title='bbox 713 1996 954 2058; x_wconf 74' lang='grc' dir='ltr'><em>μαρτύρων</em></span> <span class='ocrx_word' id='word_1_186' title='bbox 998 2003 1122 2056; x_wconf 85' lang='lat' dir='ltr'><strong>(Ebr.</strong></span> <span class='ocrx_word' id='word_1_187' title='bbox 1158 2003 1248 2042; x_wconf 85' lang='lat' dir='ltr'>XII.</span> <span class='ocrx_word' id='word_1_188' title='bbox 1284 2005 1366 2052; x_wconf 83' lang='lat'><strong>1.]‚</strong></span> <span class='ocrx_word' id='word_1_189' title='bbox 1399 2015 1493 2041; x_wconf 87' lang='lat' dir='ltr'><strong>cum</strong></span> <span class='ocrx_word' id='word_1_190' title='bbox 1524 2015 1608 2056; x_wconf 89' lang='lat' dir='ltr'><strong>quo</strong></span> <span class='ocrx_word' id='word_1_191' title='bbox 1636 2009 1706 2041; x_wconf 90' lang='lat' dir='ltr'><strong>te-</strong></span> 
     </span>
     <span class='ocr_line' id='line_1_26' title="bbox 248 2073 1703 2129; baseline -0.001 -13"><span class='ocrx_word' id='word_1_192' title='bbox 248 2076 373 2117; x_wconf 87' lang='lat' dir='ltr'><strong>stium</strong></span> <span class='ocrx_word' id='word_1_193' title='bbox 404 2075 602 2115; x_wconf 78' lang='lat' dir='ltr'><strong>excitatio</strong></span> <span class='ocrx_word' id='word_1_194' title='bbox 635 2076 746 2129; x_wconf 86' lang='lat' dir='ltr'><strong>apud</strong></span> <span class='ocrx_word' id='word_1_195' title='bbox 774 2075 1060 2129; x_wconf 83' lang='lat' dir='ltr'><strong>Epiphanium</strong></span> <span class='ocrx_word' id='word_1_196' title='bbox 1092 2074 1207 2128; x_wconf 82' lang='lat' dir='ltr'><strong>opp.</strong></span> <span class='ocrx_word' id='word_1_197' title='bbox 1239 2076 1288 2114; x_wconf 88' lang='grc' dir='ltr'><strong>Τ.</strong></span> <span class='ocrx_word' id='word_1_198' title='bbox 1319 2075 1367 2113; x_wconf 94' lang='lat' dir='ltr'><strong>II.</strong></span> <span class='ocrx_word' id='word_1_199' title='bbox 1401 2088 1442 2128; x_wconf 88' lang='lat' dir='ltr'><strong>p.</strong></span> <span class='ocrx_word' id='word_1_200' title='bbox 1476 2073 1556 2117; x_wconf 87' lang='lat'><strong>268</strong></span> <span class='ocrx_word' id='word_1_201' title='bbox 1585 2087 1703 2129; x_wconf 85' lang='lat' dir='ltr'><strong>seqq.</strong></span> 
     </span>
     <span class='ocr_line' id='line_1_27' title="bbox 249 2144 1704 2202; baseline 0.001 -15"><span class='ocrx_word' id='word_1_202' title='bbox 249 2147 679 2202; x_wconf 75' lang='lat' dir='ltr'><strong>001npa1·a11da‚quam</strong></span> <span class='ocrx_word' id='word_1_203' title='bbox 710 2161 862 2187; x_wconf 76' lang='lat' dir='ltr'><strong>verum</strong></span> <span class='ocrx_word' id='word_1_204' title='bbox 891 2147 945 2186; x_wconf 89' lang='lat' dir='ltr'><strong>sit</strong></span> <span class='ocrx_word' id='word_1_205' title='bbox 972 2147 1075 2185; x_wconf 85' lang='lat' dir='ltr'><strong>illud</strong></span> <span class='ocrx_word' id='word_1_206' title='bbox 1095 2145 1291 2199; x_wconf 83' lang='lat' dir='ltr'><strong>Apostoli</strong></span> <span class='ocrx_word' id='word_1_207' title='bbox 1321 2144 1517 2185; x_wconf 79' lang='lat' dir='ltr'><strong>effatum:</strong></span> <span class='ocrx_word' id='word_1_208' title='bbox 1547 2146 1704 2200; x_wconf 68' lang='grc' dir='ltr'><em>Πνεῦ-</em></span> 
     </span>
    </p>
   </div>
   <div class='ocr_carea' id='block_1_3' title="bbox 246 2212 1770 2276">
    <p class='ocr_par' dir='ltr' id='par_1_4' title="bbox 246 2212 1770 2276">
     <span class='ocr_line' id='line_1_28' title="bbox 246 2212 1770 2276; baseline -0.001 -13"><span class='ocrx_word' id='word_1_209' title='bbox 246 2235 316 2276; x_wconf 73' lang='grc' dir='ltr'><strong>μα</strong></span> <span class='ocrx_word' id='word_1_210' title='bbox 361 2220 526 2276; x_wconf 73' lang='grc' dir='ltr'><em>Χριστὲ</em></span> <span class='ocrx_word' id='word_1_211' title='bbox 563 2221 611 2262; x_wconf 76' lang='grc' dir='ltr'><strong>ἐν</strong></span> <span class='ocrx_word' id='word_1_212' title='bbox 649 2213 826 2270; x_wconf 55' lang='lat' dir='ltr'><strong>emitote,</strong></span> <span class='ocrx_word' id='word_1_213' title='bbox 867 2212 1299 2275; x_wconf 68' lang='grc' dir='ltr'><em>προμαρτυρό,[ιενον</em></span> <span class='ocrx_word' id='word_1_214' title='bbox 1331 2212 1384 2261; x_wconf 70' lang='grc' dir='ltr'><strong>ἰα’</strong></span> <span class='ocrx_word' id='word_1_215' title='bbox 1414 2219 1476 2266; x_wconf 77' lang='grc' dir='ltr'><strong>εἰς</strong></span> <span class='ocrx_word' id='word_1_216' title='bbox 1504 2216 1706 2274; x_wconf 78' lang='grc' dir='ltr'><em>Χριστόν</em></span> <span class='ocrx_word' id='word_1_217' title='bbox 1766 2226 1770 2237; x_wconf 83' lang='grc'><strong>“</strong></span> 
     </span>
    </p>
   </div>
   <div class='ocr_carea' id='block_1_4' title="bbox 247 2286 1704 2714">
    <p class='ocr_par' dir='ltr' id='par_1_5' title="bbox 247 2286 1704 2624">
     <span class='ocr_line' id='line_1_29' title="bbox 247 2286 1701 2348; baseline -0.003 -12"><span class='ocrx_word' id='word_1_218' title='bbox 247 2288 524 2348; x_wconf 75' lang='grc' dir='ltr'><strong><em>παθήματα,</em></strong></span> <span class='ocrx_word' id='word_1_219' title='bbox 554 2293 625 2335; x_wconf 80' lang='grc' dir='ltr'><strong>καὶ</strong></span> <span class='ocrx_word' id='word_1_220' title='bbox 654 2288 733 2340; x_wconf 74' lang='grc' dir='ltr'><strong>τιές</strong></span> <span class='ocrx_word' id='word_1_221' title='bbox 760 2292 878 2348; x_wconf 70' lang='grc' dir='ltr'><em>μετιὶ</em></span> <span class='ocrx_word' id='word_1_222' title='bbox 910 2293 1051 2334; x_wconf 73' lang='grc' dir='ltr'><em>ταῦτα</em></span> <span class='ocrx_word' id='word_1_223' title='bbox 1081 2286 1207 2339; x_wconf 76' lang='grc' dir='ltr'><em>δόξας</em></span> <span class='ocrx_word' id='word_1_224' title='bbox 1239 2298 1279 2345; x_wconf 89' lang='grc' dir='ltr'><strong>(ι</strong></span> <span class='ocrx_word' id='word_1_225' title='bbox 1320 2293 1438 2332; x_wconf 88' lang='lat' dir='ltr'><strong>Petr.</strong></span> <span class='ocrx_word' id='word_1_226' title='bbox 1463 2293 1493 2332; x_wconf 93' lang='grc' dir='ltr'><strong>Ι.</strong></span> <span class='ocrx_word' id='word_1_227' title='bbox 1520 2308 1580 2331; x_wconf 82' lang='grc' dir='ltr'><strong>ιι.</strong></span> <span class='ocrx_word' id='word_1_228' title='bbox 1607 2292 1701 2344; x_wconf 81' lang='lat'><strong>12.).</strong></span> 
     </span>
     <span class='ocr_line' id='line_1_30' title="bbox 248 2363 1703 2422; baseline -0.003 -16"><span class='ocrx_word' id='word_1_229' title='bbox 248 2367 461 2407; x_wconf 85' lang='lat' dir='ltr'><strong>Discimus</strong></span> <span class='ocrx_word' id='word_1_230' title='bbox 499 2375 745 2419; x_wconf 81' lang='lat' dir='ltr'><strong>practerea,</strong></span> <span class='ocrx_word' id='word_1_231' title='bbox 786 2380 988 2422; x_wconf 86' lang='lat' dir='ltr'><strong>quaenam</strong></span> <span class='ocrx_word' id='word_1_232' title='bbox 1030 2366 1082 2407; x_wconf 88' lang='lat' dir='ltr'><strong>V.</strong></span> <span class='ocrx_word' id='word_1_233' title='bbox 1121 2367 1169 2404; x_wconf 88' lang='lat' dir='ltr'><strong>T.</strong></span> <span class='ocrx_word' id='word_1_234' title='bbox 1210 2364 1322 2404; x_wconf 85' lang='lat' dir='ltr'><strong>dicta</strong></span> <span class='ocrx_word' id='word_1_235' title='bbox 1356 2373 1457 2405; x_wconf 90' lang='lat' dir='ltr'><strong>tunc</strong></span> <span class='ocrx_word' id='word_1_236' title='bbox 1496 2363 1703 2418; x_wconf 85' lang='lat' dir='ltr'><strong>temporis</strong></span> 
     </span>
     <span class='ocr_line' id='line_1_31' title="bbox 250 2435 1703 2494; baseline -0.002 -16"><span class='ocrx_word' id='word_1_237' title='bbox 250 2452 331 2494; x_wconf 85' lang='lat' dir='ltr'><strong>pro</strong></span> <span class='ocrx_word' id='word_1_238' title='bbox 363 2439 568 2480; x_wconf 81' lang='lat' dir='ltr'><strong>vaticiniis</strong></span> <span class='ocrx_word' id='word_1_239' title='bbox 599 2438 814 2489; x_wconf 81' lang='lat' dir='ltr'><strong>Mcssianis</strong></span> <span class='ocrx_word' id='word_1_240' title='bbox 846 2438 929 2478; x_wconf 83' lang='lat' dir='ltr'><strong>sint</strong></span> <span class='ocrx_word' id='word_1_241' title='bbox 957 2437 1116 2487; x_wconf 83' lang='lat' dir='ltr'><strong>habita3</strong></span> <span class='ocrx_word' id='word_1_242' title='bbox 1145 2435 1329 2490; x_wconf 88' lang='lat' dir='ltr'><strong>indeque</strong></span> <span class='ocrx_word' id='word_1_243' title='bbox 1358 2437 1534 2477; x_wconf 85' lang='lat' dir='ltr'><strong>historia</strong></span> <span class='ocrx_word' id='word_1_244' title='bbox 1571 2437 1703 2476; x_wconf 85' lang='lat' dir='ltr'><strong>inter-</strong></span> 
     </span>
     <span class='ocr_line' id='line_1_32' title="bbox 251 2508 1704 2565; baseline -0.001 -14"><span class='ocrx_word' id='word_1_245' title='bbox 251 2511 502 2565; x_wconf 87' lang='lat' dir='ltr'><strong>pretationis</strong></span> <span class='ocrx_word' id='word_1_246' title='bbox 544 2511 586 2551; x_wconf 91' lang='lat' dir='ltr'><strong>S.</strong></span> <span class='ocrx_word' id='word_1_247' title='bbox 618 2511 660 2551; x_wconf 91' lang='lat' dir='ltr'><strong>S.</strong></span> <span class='ocrx_word' id='word_1_248' title='bbox 690 2524 741 2564; x_wconf 84' lang='lat' dir='ltr'><strong>ex</strong></span> <span class='ocrx_word' id='word_1_249' title='bbox 770 2511 847 2551; x_wconf 85' lang='lat' dir='ltr'><strong>hac</strong></span> <span class='ocrx_word' id='word_1_250' title='bbox 894 2511 1088 2551; x_wconf 76' lang='lat' dir='ltr'><strong>oratione</strong></span> <span class='ocrx_word' id='word_1_251' title='bbox 1131 2523 1215 2550; x_wconf 90' lang='lat' dir='ltr'><strong>non</strong></span> <span class='ocrx_word' id='word_1_252' title='bbox 1254 2508 1519 2548; x_wconf 83' lang='lat' dir='ltr'><strong>incommode</strong></span> <span class='ocrx_word' id='word_1_253' title='bbox 1556 2516 1704 2562; x_wconf 88' lang='lat' dir='ltr'><strong>potest</strong></span> 
     </span>
     <span class='ocr_line' id='line_1_33' title="bbox 253 2583 468 2624; baseline 0.005 -2"><span class='ocrx_word' id='word_1_254' title='bbox 253 2583 468 2624; x_wconf 85' lang='lat' dir='ltr'><strong>illustrari.</strong></span> 
     </span>
    </p>

    <p class='ocr_par' dir='ltr' id='par_1_6' title="bbox 358 2654 1704 2714">
     <span class='ocr_line' id='line_1_34' title="bbox 358 2654 1704 2714; baseline 0.001 -19"><span class='ocrx_word' id='word_1_255' title='bbox 358 2658 687 2712; x_wconf 73' lang='lat' dir='ltr'><strong>lutei-rumpitur</strong></span> <span class='ocrx_word' id='word_1_256' title='bbox 734 2659 1046 2714; x_wconf 79' lang='lat' dir='ltr'><strong>Prophetarum</strong></span> <span class='ocrx_word' id='word_1_257' title='bbox 1087 2663 1316 2697; x_wconf 78' lang='lat' dir='ltr'><strong>concentus</strong></span> <span class='ocrx_word' id='word_1_258' title='bbox 1362 2654 1542 2708; x_wconf 81' lang='lat' dir='ltr'><strong>Dialogo</strong></span> <span class='ocrx_word' id='word_1_259' title='bbox 1590 2654 1704 2696; x_wconf 88' lang='lat' dir='ltr'><strong>inter</strong></span> 
     </span>
    </p>
   </div>
   <div class='ocr_carea' id='block_1_5' title="bbox 1764 2347 1773 3032">
    <p class='ocr_par' dir='ltr' id='par_1_7' title="bbox 1764 2347 1773 3032">
     <span class='ocr_line' id='line_1_35' title="bbox 1764 2347 1773 3032; textangle 90"><span class='ocrx_word' id='word_1_260' title='bbox 1764 2596 1773 3032; x_wconf 43' lang='lat' dir='ltr'><strong>msa-m</strong></span> <span class='ocrx_word' id='word_1_261' title='bbox 1766 2728 1768 2739; x_wconf 77' lang='lat'><strong><em>—</em></strong></span> <span class='ocrx_word' id='word_1_262' title='bbox 1766 2516 1773 2599; x_wconf 61' lang='lat'><strong>-=.-⁷</strong></span> <span class='ocrx_word' id='word_1_263' title='bbox 1765 2448 1773 2538; x_wconf 43' lang='lat' dir='ltr'><strong>-*==.-r</strong></span> <span class='ocrx_word' id='word_1_264' title='bbox 1766 2347 1773 2443; x_wconf 55' lang='lat'><strong>22*—</strong></span> 
     </span>
    </p>
   </div>
  </div>
 </body>
</html>
