1773 3032
627 154 924 196 —127—

160 274 248 316 Sed
284 274 411 328 longe
461 273 671 327 prolixior
717 281 844 328 atque
895 270 1144 311 exornatior
1198 277 1264 309 est
1305 269 1506 321 narratio,

50 364 173 407 quam
203 347 375 389 exhibet
403 348 571 398 versio,
601 346 690 387 sive
718 346 860 400 potius
889 344 1084 385 recensio
1126 344 1202 398 (ut
1230 351 1396 383 utamur
1423 343 1507 383 hoc

49 425 231 464 termino
278 420 474 460 technico
513 435 534 460 a
576 419 891 459 recentioribus
941 418 1139 473 prolato)
1191 417 1345 469 latina,
1395 418 1509 474 apud

51 497 301 538 Fabricium
333 495 522 548 aliosque
553 493 756 533 editores.
812 494 858 531 In
888 492 954 532 illa
986 493 1041 546 (c.
1071 492 1244 544 XVIII.)
1291 499 1510 545 exponunt

48 569 252 609 Charinus
284 576 327 608 et
357 568 564 607 Lenthius
595 566 865 620 (Duumviri,
910 580 1016 621 quos
1047 580 1098 605 ex
1137 566 1307 606 inferno
1355 565 1509 606 libcra-

47 651 168 683 verat
199 642 405 693 Christus,
434 651 481 682 ut
510 650 641 682 testes
672 642 753 681 sint
783 641 824 680 in
853 649 972 681 terra
1001 641 1053 680 de
1081 641 1146 689 iis,
1178 655 1283 696 quae
1315 640 1509 680 Christus

46 716 157 771 apud
208 715 371 755 inferos
411 714 611 768 fecerit),
656 715 771 770 quod
814 716 991 755 Simeon
1040 717 1202 769 primus
1233 715 1392 766 fuerit,
1436 714 1510 769 qui

46 790 236 841 Adamo,
266 789 496 843 Prophetis
529 797 571 829 et
604 788 766 828 Sanctis
795 789 835 828 in
861 787 1029 830 inferno
1061 788 1242 829 detentis
1285 788 1511 829 adventum

46 863 205 906 Christi
244 872 288 903 et
325 862 623 902 liberationem
663 876 686 902 e
721 876 893 902 carcere
929 862 1239 902 annuntiaverit
1268 863 1327 916 ³⁴‘).
1384 863 1511 902 Hunc

44 937 238 994 sequitur
266 937 466 985 Joannes‚
504 936 556 975 de
588 949 672 991 quo
722 936 1191 976 Pseudo-Nicodemus
1229 935 1334 975 haec
1380 949 1511 991 expo-

44 1011 130 1051 nit:
162 1012 246 1061 „Et
273 1010 477 1065 posthaec
507 1011 756 1064 supervenit
784 1011 902 1066 quasi
930 1011 1164 1050 Eremitula
1192 1010 1282 1064 Μ),
1311 1019 1354 1050 et
1380 1013 1513 1052 inter-

43 1095 221 1140 rogatur
250 1085 301 1126 ab
333 1085 549 1126 omnibus:
581 1086 674 1139 quis
708 1099 752 1126 es
779 1085 860 1125 tu?
890 1085 1057 1143 Quibus
1086 1085 1351 1139 respondens
1382 1085 1513 1126 dixit:

2 1204 4 1206 ,
45 1161 140 1215 Ego
181 1173 272 1199 sum
316 1172 398 1199 vox
443 1159 656 1198 clamantis
698 1159 741 1198 in
785 1160 987 1209 deserto,
1027 1160 1210 1198 Joannes
1248 1159 1431 1213 baptista
1470 1168 1515 1200 et

46 1233 259 1288 propheta
298 1232 509 1283 altissimi,
548 1232 745 1287 praeiens
788 1234 854 1282 [al.
884 1236 1098 1287 praevius]
1128 1243 1224 1274 ante
1253 1233 1405 1273 faciem
1436 1235 1514 1274 ad-

45 1314 195 1346 ventus
239 1306 329 1359 ejus
372 1319 629 1360 praeparare
670 1306 757 1347 vias
809 1309 927 1360 ejus,
978 1307 1030 1347 ad
1077 1307 1253 1347 dandam
1295 1309 1514 1347 scientiam

45 1380 188 1420 salutis
216 1378 335 1433 plebi
366 1378 488 1430 ejus,
522 1381 565 1419 in
594 1379 890 1420 remissionem
918 1390 1193 1434 peccatorum
1221 1381 1407 1420 illorum.
1455 1382 1513 1421 Et

46 1467 127 1508 ego
173 1455 355 1494 Joannes
390 1453 535 1494 videns
575 1454 723 1494 Jesum
751 1455 993 1494 venientem
1033 1454 1085 1494 ad
1115 1468 1228 1505 rme,
1270 1455 1512 1508 compulsus

43 1541 134 1566 sum
165 1542 186 1566 a
216 1526 379 1580 Spiritu
420 1526 575 1566 Sancto
609 1536 653 1566 et
684 1526 797 1566 dixi:
837 1528 943 1567 Ecce
983 1543 1125 1581 agnus
1162 1529 1276 1578 Dei,
1320 1543 1411 1568 ecce
1440 1532 1517 1583 qui

46 1601 163 1639 tollit
187 1609 369 1654 peccata
398 1600 580 1639 mundi!
609 1600 666 1639 Et
693 1599 904 1654 baptizavi
934 1614 1029 1640 eum
1061 1600 1297 1640 influmine
1315 1602 1512 1642 Jordanis

44 1683 88 1714 et
137 1672 224 1714 vidi
279 1673 489 1727 Spiritum
536 1675 736 1714 Sanctum
791 1674 1124 1715 descendentem
1165 1689 1296 1729 super
1334 1689 1432 1715 eum
1470 1677 1514 1716 in

44 1748 188 1802 specie
237 1748 471 1788 columbae.
539 1749 597 1788 Et
636 1747 777 1788 audivi
821 1762 975 1789 vocem
1016 1749 1068 1789 de
1114 1751 1236 1791 coelo
1277 1752 1512 1792 dicentem:

43 1821 129 1860 Hic
160 1829 220 1860 est
250 1822 392 1860 Filius
420 1838 534 1864 meus
564 1822 771 1870 dilectus,
813 1822 860 1862 in
906 1838 990 1878 quo
1029 1825 1138 1863 mihi
1178 1826 1279 1865 bene
1322 1827 1514 1882 compla-

115 2054 147 2101 *)
176 2055 303 2089 Plures
337 2057 438 2102 apud
475 2057 635 2093 Graecos
676 2060 813 2103 fuisse,
860 2062 926 2107 qui
972 2062 1157 2095 Simeonis
1188 2063 1428 2108 praeconium
1464 2062 1510 2097 de

186 2119 331 2153 Christo
359 2121 460 2166 apud
486 2123 626 2158 inferos
655 2124 866 2168 docuerint,
895 2138 939 2160 ex
964 2128 994 2160 J.
1022 2127 1062 2159 A.
1089 2128 1358 2160 Dietelmaieri
1382 2128 1512 2162 histor.

182 2183 342 2230 dogmat.
370 2186 414 2219 de
443 2188 622 2224 descensu
650 2191 735 2230 Chr,
760 2192 808 2224 ad
845 2193 984 2226 inferos
1012 2193 1067 2225 lit.
1095 2193 1193 2226 Edit.
1220 2193 1251 2227 2.
1290 2191 1389 2229 1762.
1416 2192 1448 2227 8.
1473 2205 1510 2239 p.

184 2248 250 2282 159
277 2268 318 2275 —
350 2250 427 2285 160.
456 2252 547 2287 disci
572 2260 711 2299 potest.

91 2312 143 2362 **)
171 2316 248 2348 Alia
276 2316 408 2350 lectio:
436 2319 656 2353 Eremicola
682 2323 763 2355 vel:
798 2324 1016 2356 Iler-micola
1044 2323 1206 2356 cundem
1241 2323 1400 2368 praebet
1425 2334 1512 2356 sen-

180 2391 272 2417 sum,
318 2382 627 2428 Antiquissimum
655 2392 820 2419 ceterum
845 2393 884 2420 et
911 2399 1106 2421 commune
1144 2394 1199 2422 cst
1235 2388 1388 2432 dogma,
1429 2387 1512 2420 ani-

180 2456 256 2478 mas
282 2452 515 2482 mortuorum
552 2452 590 2483 in
629 2451 734 2484 Hade
768 2463 844 2485 non
880 2454 990 2498 plane
1025 2455 1189 2498 corporis
1215 2465 1294 2486 esse
1324 2458 1513 2498 expertes,

188 2509 256 2542 scd
283 2522 368 2553 eas,
394 2518 436 2545 ut
466 2515 643 2549 Irenaeus
670 2522 707 2549 et
735 2517 1000 2551 Textullianus
1029 2517 1190 2558 docent,
1227 2523 1314 2562 post.
1353 2523 1510 2550 mortem

185 2574 448 2609 characterem
475 2579 666 2623 (figuram)
694 2584 868 2627 corporis
902 2585 1071 2617 retinere
1105 2591 1140 2616 et
1160 2583 1301 2627 forma
1334 2580 1511 2627 gaudere

179 2639 368 2683 humana,
396 2644 448 2677 ita
474 2650 518 2679 ut
541 2648 690 2693 agnosci
713 2648 869 2692 possint.
