1913 3073
686 161 951 205 „85-

89 283 160 326 lv.
201 298 242 337 p.
284 270 552 335 257itestem
597 279 748 320 affert:
793 273 1048 335 Εὐσέβιον,
1096 276 1176 324 τόν
1222 281 1426 333 Φοίνικα,
1461 277 1542 325 τόν

90 349 278 411 Ἐμέσης
305 357 383 408 ’τῆς
413 352 525 408 πρὸς
555 355 615 408 τῷ
645 347 831 410 Λιβάνῳ
859 348 1028 400 «πόλεως
1051 347 1254 411 α’ρχιερέα
1273 350 1538 412 γενόμενον.

89 429 223 473 Vocat
252 441 369 467 eum:
399 428 439 475 ἐξ
467 425 612 481 ἑτέρας
641 425 799 482 ιῖγελης
829 427 1050 481 αἱρετικῆς
1078 421 1308 485 μα’ρςυρα,
1340 438 1382 468 et
1422 429 1542 469 intel·

87 502 179 555 ligit
217 500 293 539 sub
334 501 407 539 tali
447 499 762 539 baereticorum
809 513 941 553 grege
973 489 1195 540 Arianos.¹
1241 501 1429 554 Apparet
1457 502 1540 542 hoc

84 586 133 612 ex
162 572 304 612 verbis
333 572 634 627 sequentibus,
679 572 751 612 ubi
793 572 845 611 de
877 571 1052 611 Eusebii
1083 572 1252 626 scriptis
1283 586 1421 613 sermo
1453 583 1540 614 est:

82 642 322 701 Ἐνέτυχον
363 643 496 692 ἐνίοις
539 646 664 699 (ergo
705 659 788 685 non
818 656 962 685 omnes
992 643 1168 683 Eusebii
1196 643 1328 685 libros
1358 646 1541 700 legerat)

82 711 188 759 τέτις
221 713 548 774 συγγράμμασι,
569 716 639 759 καὶ
658 710 790 773 εὗρόν
820 733 869 773 γε
899 723 1022 762 τοῖς
1052 710 1232 772 'Ap-sla·
1261 711 1541 773 συμφερό-

77 805 262 846 μενον
292 785 553 848 δόγμασι.
612 789 730 851 Quae
771 789 906 829 adhue
951 789 1253 830 confirmantur
1295 791 1538 831 testimonio

79 864 215 904 statim
247 864 432 917 adjecto:
474 860 643 917 ἐκείνης
674 863 754 917 τῆς
785 862 1036 917 σνμλιιορίας
1080 862 1408 914 (contubernio,
1454 861 1540 903 fac-

79 936 221 984 tione,
250 945 297 975 ut
327 936 579 976 antecedens
611 928 769 991 α’γὲλης
799 937 1039 990 αἱρετικῆς)
1072 928 1178 981 ἔτος
1207 928 1444 991 ἐτύγχανεν
1463 931 1539 979 (ὅν.

78 1008 144 1048 Ex
175 1009 383 1049 sententia
413 1008 544 1062 igitur
574 1008 838 1048 Theodoreti
867 1021 951 1048 non
980 1007 1151 1047 dubium
1184 1016 1273 1058 est,
1306 1007 1538 1046 Eusebium

79 1081 279 1122 Arianum
308 1080 454 1121 fuisse.
510 1082 605 1120 Hoc
635 1090 773 1120 tamen
804 1079 916 1120 bene
945 1080 1028 1119 erit
1055 1079 1310 1132 tenendum,
1339 1080 1540 1120 Theodo-

79 1161 219 1194 retum
247 1154 514 1194 nihilominus
544 1153 785 1193 testimonio
814 1153 937 1206 hujus
966 1152 1074 1203 viri,
1104 1165 1184 1193 nec
1211 1169 1296 1194 non
1324 1153 1538 1207 Apollina-

80 1225 158 1275 rii,
204 1226 275 1265 ubi
317 1238 473 1267 rectam
519 1226 726 1280 exprimat
774 1225 1008 1265 doctrinam
1051 1233 1095 1265 et
1138 1238 1233 1265 cum
1273 1225 1537 1266 Orthodoxis

83 1300 313 1339 consentiat
371 1293 500 1354 (πρὸς
527 1293 646 1354 ἧμας
687 1291 833 1340 αὐτόν
865 1292 950 1355 ’ἦγέ
980 1298 1224 1354 κεχρῆσθαι
1253 1304 1346 1345 τοῖς
1375 1291 1538 1354 λόγοις,

83 1379 130 1409 ut
157 1385 197 1424 p.
229 1372 303 1423 257
334 1373 522 1425 dicitur),
550 1385 737 1426 magnam
765 1371 966 1411 tribuisse
990 1372 1297 1411 auctoritatem.
1354 1371 1538 1410 Excusa-

83 1451 202 1483 turus
232 1452 369 1484 autem
397 1444 503 1484 hanc
530 1445 770 1484 libertatem
799 1445 842 1483 in
870 1443 952 1483 fine
985 1449 1047 1498 (p.
1079 1444 1178 1496 263)
1210 1441 1405 1492 affirmat,
1437 1442 1536 1482 doc-

81 1522 198 1555 tores
245 1516 340 1569 pios
380 1516 615 1569 exemplum
654 1517 742 1569 apis
783 1530 834 1556 ex
878 1515 1068 1557 omnibus
1108 1515 1254 1555 herbis
1284 1523 1327 1555 et
1356 1513 1536 1554 floribus

80 1601 165 1627 non
194 1601 422 1637 venenum,
452 1587 527 1627 sed
555 1588 660 1639 mel,
692 1589 930 1643 colligentis
971 1588 1126 1628 imitari
1167 1588 1339 1628 debere.
1393 1587 1458 1629 Εἰ
1488 1585 1537 1629 δὲ

81 1660 143 1702 πεῖ
171 1658 242 1701 καὶ
277 1654 396 1702 πόαν
428 1659 572 1715 εὕροις
617 1659 669 1702 ἐκ
718 1655 963 1716 ἐδώδιμον,
1007 1658 1083 1703 ὅτε
1110 1660 1342 1718 γλυκεῖαν,
1383 1654 1536 1707 ὁποῖος

83 1723 184 1778 ἔτος
215 1727 624 1788 ’Λπολινιὶριος
655 1732 727 1775 καὶ
755 1728 1050 1789 Εὕσέβιός,
1081 1734 1238 1791 ἔχεσαν
1263 1731 1311 1775 δὲ
1333 1748 1375 1774 τι
1397 1726 1536 1787 πρόσ-

85 1819 227 1860 φορον
273 1805 335 1853 εἰς
375 1804 686 1862 μελιτεργιάν,
727 1804 830 1848 §dev
871 1806 1080 1859 α’πεικός,
1120 1802 1170 1849 τό
1217 1806 1305 1862 μὲν
1332 1804 1536 1862 χρειῶδες

83 1877 260 1934 λαβεῖν,
301 1878 556 1920 καταλιπεῖν
598 1877 650 1920 τό
691 1873 934 1934 βλαβερόν.
1004 1882 1070 1919 Ex
1117 1880 1181 1919 his
1226 1878 1348 1919 simul
1402 1887 1534 1932 patet,

83 1951 430 2002 Theodoretum,
461 1952 539 1990 etsi
570 1965 764 1991 severum
793 1952 1030 1992 haereticae
1061 1951 1278 2006 pravitatis
1308 1964 1353 1990 se
1386 1964 1536 1991 censo-

86 2037 178 2064 rem
208 2024 412 2077 gesserit,
442 2023 682 2077 neutiquam
712 2024 882 2063 consilia
911 2038 1082 2073 eorum,
1113 2026 1185 2078 qui
1213 2022 1345 2062 libros
1375 2025 1537 2064 Haere-

87 2097 266 2137 ticorum
296 2095 539 2136 cremandos
571 2095 858 2150 delendosque
889 2097 1135 2144 suaderent,
1156 2095 1426 2149 approbasse.

190 2170 254 2207 Ex
300 2182 382 2222 quo
422 2177 559 2207 tamen
604 2170 654 2209 V.
680 2169 731 2209 V.
762 2168 815 2207 D.
841 2169 893 2206 D.
942 2167 1161 2207 historiam
1211 2168 1534 2209 ecelesiasticam

88 2241 270 2280 curatius
311 2250 354 2280 et
391 2241 480 2280 sine
520 2240 779 2294 praejudicio
823 2240 1062 2294 dogmatico
1095 2250 1137 2280 et
1177 2242 1360 2294 partium
1394 2242 1534 2283 studio

86 2297 363 2352 examinantes
411 2327 493 2352 non
535 2326 676 2353 omnes
716 2312 894 2352 Arianos
934 2314 1105 2352 eosdem
1146 2326 1237 2352 esse
1278 2314 1535 2354 demonstra-

86 2393 206 2434 runt,
237 2385 359 2424 etiam
387 2385 574 2424 Eusebio
604 2393 751 2424 nostro
784 2385 985 2439 contigit,
1015 2394 1060 2424 ut
1089 2399 1265 2425 numero
1283 2385 1533 2427 Arianorum

87 2457 345 2497 eximeretur
388 2466 430 2496 et
474 2459 829 2497 Semi-Arianis
876 2457 1208 2498 adscriberetur.
1278 2459 1329 2499 V.
1373 2461 1537 2499 Franc.

91 2531 288 2569 lValclu'i
336 2531 506 2570 Hisorie
539 2531 613 2569 der
656 2531 921 2582 Ketzereyen
971 2545 1011 2569 u.
1053 2545 1083 2569 s.
1124 2545 1176 2569 w.
1256 2531 1332 2570 Th.
1392 2533 1443 2570 ΙΙ.
1491 2547 1535 2586 p-

87 2599 165 2642 666
193 2627 244 2634 -
275 2602 340 2644 δ’.
391 2612 433 2643 et
465 2604 741 2643 Schroecklzii
769 2603 980 2642 Hirehen-
1001 2604 1152 2643 Gesch.
1187 2603 1265 2642 Th.
1299 2604 1367 2646 VI.
1396 2618 1438 2658 p.
1468 2619 1534 2657 7⁰·
