1867 3053
931 194 1198 239 ..74-

333 314 450 377 Quid
487 314 608 355 tum?
676 314 777 355 Ideo
820 327 932 355 nunc
983 322 1026 356 et
1075 315 1400 356 Mathematicis
1443 315 1781 369 patrocinabitur

332 390 503 430 illorum
531 390 749 443 Magorum
778 388 966 443 religio?
996 389 1064 428 De
1094 388 1261 428 Christo
1293 389 1455 429 scilicet
1484 398 1548 430 est
1571 391 1786 430 flIatkesis

331 462 488 513 hodie,
528 463 689 502 stellam
727 462 910 512 Christi,
946 476 1030 501 non
1068 461 1237 501 Saturni
1266 470 1308 501 et
1336 462 1477 502 Martis
1508 472 1551 503 et
1581 465 1785 518 cujusque

333 549 386 575 cx
419 536 571 576 eodem
629 536 777 575 ordine
821 544 1085 575 mortuorum
1125 533 1321 574 observat
1363 543 1406 574 ct
1442 536 1670 588 praedicat.
1726 537 1785 576 Αε

334 611 447 649 enim
477 610 659 648 scientia
690 610 777 648 ista
807 623 936 663 usque
965 608 1029 648 ad
1053 608 1340 660 Evangelium
1359 608 1459 658 suit
1489 623 1706 658 concessa,
1740 620 1787 650 ut

334 684 506 724 Christo
542 683 658 722 edito
691 698 810 722 nemo
844 681 1002 721 exinde
1032 682 1307 721 nativitatem
1344 681 1532 732 alicujus
1572 682 1624 720 de
1663 683 1784 722 coelo

332 758 684 807 interpretetur.“
740 756 816 794 His
849 755 969 794 dictis
997 754 1280 809 respondent,
1312 767 1417 808 quae
1449 754 1563 794 idem
1603 755 1784 795 Tertull.

327 829 418 869 adv.
434 830 561 868 Marc.
591 827 663 867 lib.
692 830 722 868 I.
753 841 787 866 c.
825 829 885 868 18.
917 828 978 881 (p.
999 828 1114 879 442.)
1145 826 1318 866 scribit:
1349 827 1658 878 „Processerit‚
1689 840 1782 881 age,

329 902 412 956 jam
440 902 483 941 in
511 901 703 940 notitiam
732 901 897 955 quando
928 901 1085 951 voluit,
1117 900 1281 955 quando
1311 899 1464 953 potuit,
1495 899 1659 953 quando
1679 898 1787 940 hora

328 974 464 1014 fatalis
504 974 696 1024 advenit3
741 973 923 1013 fortasse
963 974 1074 1014 enim
1121 974 1406 1014 Anubilmzon
1448 966 1786 1028 (οἶναβιβοῖζων,

329 1061 586 1102 exsurgens,
628 1048 870 1101 emergens)
913 1046 953 1086 ei
984 1047 1199 1097 obstabat,
1239 1054 1309 1086 aut
1349 1046 1508 1100 aliquae
1558 1046 1785 1097 maleficae,

328 1128 399 1161 aut
439 1122 640 1161 Saturnus
683 1121 929 1175 quadratus,
972 1129 1041 1160 aut
1072 1122 1181 1159 Mars
1210 1121 1418 1174 trigonus.
1473 1121 1576 1159 Nam
1606 1128 1650 1160 et
1683 1121 1786 1160 Ma-

329 1195 548 1233 thematici
575 1194 799 1247 plurimum
829 1192 1128 1242 Marcionitae3
1157 1205 1236 1232 nec
1265 1192 1347 1232 hoc
1376 1192 1699 1244 erubescentes,
1730 1192 1784 1232 de

326 1264 429 1321 ipsis
462 1267 588 1306 etiam
617 1265 749 1304 stellis
782 1266 927 1304 vivere
961 1265 1212 1304 creatoris.“

432 1340 499 1379 Ex
526 1339 591 1379 his
622 1347 763 1392 patet,
802 1352 886 1378 non
914 1339 1021 1377 male
1062 1340 1346 1380 Sozomenum
1384 1340 1666 1393 expressisse:
1702 1339 1783 1393 τῆς

324 1404 620 1468 ἀστρονομίας
650 1409 676 1452 ὅ
701 1408 874 1466 μέρος
903 1403 1446 1466 οἷποτελεσματικόν
1476 1412 1523 1466 (i.
1554 1426 1590 1453 e.
1621 1414 1782 1454 Astro-

325 1487 496 1539 logiam
540 1484 854 1537 divinatricen)
898 1483 1074 1535 καλέοι,
1119 1485 1234 1541 quod
1275 1485 1522 1537 simpliciter
1551 1499 1573 1523 a
1603 1484 1780 1525 Socrate

322 1550 626 1614 μαθηματική
677 1557 834 1597 dictum
874 1566 989 1608 crat,
1031 1557 1231 1611 quodque
1285 1565 1478 1611 tanquam
1520 1556 1782 1596 haereticum

323 1641 451 1689 atque
482 1631 658 1685 impium
685 1630 970 1670 damnabatur.
1026 1631 1220 1684 Uterque
1254 1638 1392 1669 autem
1430 1629 1661 1669 Eusebium
1698 1644 1784 1670 non

323 1714 515 1754 accusat,
545 1704 620 1743 sed
651 1703 914 1743 solummodo
944 1711 1109 1752 narrat,
1146 1702 1253 1742 hanc
1290 1701 1438 1741 famam
1479 1703 1532 1743 dc
1571 1702 1690 1755 ipso,
1732 1701 1785 1740 ad

322 1780 519 1821 invidiam
551 1777 824 1825 excitandam,
855 1776 982 1816 fuisse
1012 1789 1219 1829 sparsam:
1251 1776 1294 1815 id
1323 1776 1438 1831 quod
1461 1770 1599 1816 *verba
1626 1773 1782 1815 ἐλοι-

323 1850 547 1907 δορεῖτο
578 1860 619 1890 ct
660 1844 1033 1906 διεβάλλετο,
1076 1864 1181 1905 quae
1212 1863 1380 1904 semper
1409 1863 1539 1890 sensu
1571 1849 1678 1889 malo
1709 1862 1781 1888 su·-

322 1934 515 1975 muntur‚
546 1924 744 1963 indicant.

430 1997 546 2058 Quid
573 2006 712 2036 autem
729 1997 749 2036 ἱ)
779 1999 813 2036 si
841 1996 971 2037 nihilo
1001 1997 1135 2036 secius
1163 1997 1268 2036 haec
1307 1997 1603 2051 qualiscunque
1641 1994 1781 2048 suspi-

323 2073 414 2122 cio,
444 2086 550 2126 quac
581 2080 726 2111 contra
754 2070 986 2110 Eusebium
1025 2071 1135 2124 apud
1179 2072 1407 2111 Emescnos
1447 2079 1538 2110 erat
1582 2070 1780 2119 excitata,

322 2159 406 2184 non
437 2159 612 2198 prorsus
644 2145 731 2182 sine
766 2158 885 2183 causa
916 2142 1095 2183 fuisset?
1151 2144 1341 2197 Uterque
1372 2144 1557 2198 scriptor
1586 2140 1779 2196 sequitur

323 2217 556 2269 Georgium
587 2216 915 2265 Laodicensem3
945 2216 979 2255 is
1021 2224 1179 2265 autem,
1229 2216 1380 2256 amicus
1397 2216 1593 2266 Euseffii,
1634 2214 1778 2271 quavis

322 2289 544 2328 occasione
578 2301 722 2327 causae
754 2288 844 2341 ejus
876 2289 1188 2342 patrocinatur,
1219 2297 1261 2328 et
1292 2289 1428 2328 omnia
1457 2289 1499 2328 in
1540 2289 1778 2339 meliorem,

322 2360 437 2415 quod
479 2361 617 2415 ajunt,
661 2361 871 2400 convertit
909 2370 1083 2415 partem.
1141 2363 1339 2401 Fatemur
1378 2362 1500 2402 nobis
1531 2362 1583 2401 de
1620 2362 1697 2401 hac
1725 2373 1775 2400 re

321 2434 480 2473 nullum
513 2433 686 2471 dubium
717 2447 808 2473 esse
840 2443 1046 2481 exortum,
1069 2435 1147 2474 nisi
1180 2444 1277 2488 post
1307 2435 1457 2474 lectam
1479 2434 1774 2481 narrationem,

321 2521 427 2563 quae
460 2508 700 2547 continetur
728 2507 769 2546 in
799 2507 950 2547 ΡΙιοῐίί
980 2508 1259 2547 Bibliotheca.
1290 2508 1392 2548 Cod.
1424 2512 1513 2554 242.
1543 2521 1584 2560 p.
1607 2505 1776 2547 1062-

324 2580 438 2624 1063.
473 2580 572 2619 edit.
603 2580 734 2619 Andr.
767 2580 942 2620 Schotti.
980 2581 1200 2634 Rotomag.
1238 2581 1354 2620 1653.
1392 2580 1420 2620 f.
1452 2582 1565 2620 Edit.
1597 2580 1773 2619 Jmman.

317 2650 518 2691 Bekkeri.
562 2652 750 2693 Berolin.
797 2653 909 2698 1824.
957 2655 996 2699 4.
1032 2667 1074 2707 p.
1106 2653 1200 2700 348.
1258 2652 1360 2692 Cum
1405 2653 1508 2692 haec
1538 2653 1722 2691 narratio
1753 2666 1776 2691 a
