1773 3032
667 164 965 209 -117—

80 294 170 327 stus
213 292 394 327 mortem
432 286 592 337 timeat,
622 284 807 340 ideoque
846 283 957 325 filius
998 285 1083 326 Dei
1122 298 1216 327 esse
1255 300 1341 328 non
1398 289 1546 343 possit.

80 361 195 399 Dum
222 359 352 413 igitur
382 358 465 399 hoc
494 358 722 413 supponit,
751 358 837 398 adit
865 357 1282 410 Haden‚1nfer0rum
1304 360 1546 415 Dominum,

80 432 123 472 ei
150 440 318 484 narrat,
346 432 485 472 omnia
513 433 564 472 ad
592 439 775 471 mortem
806 430 967 472 Christi
993 433 1230 473 necessaria
1261 447 1353 474 csse
1390 445 1549 490 parata,

84 507 307 560 ipsumque
359 513 506 561 rogat,
549 512 597 544 ut
646 503 858 544 Christum
906 504 1099 558 recipiat.
1201 507 1344 547 Hades
1409 517 1550 549 autem

78 577 250 618 Diaboli
292 577 415 618 dictis
453 591 538 618 non
574 577 690 617 addit
728 575 855 616 fidem
907 577 1034 632 eique
1090 580 1270 634 opponit
1310 582 1551 635 exemplum

82 651 233 692 Lazari
263 664 287 691 e
318 652 498 692 mortuis
525 650 766 692 resuscitati
796 659 840 691 et
867 644 919 694 τό
948 645 1157 709 κήρνῃια
1196 652 1368 692 Joannis
1406 654 1550 707 Bapti-

77 731 164 764 stae
194 733 238 765 et
265 724 593 779 Prophetarum.
623 724 669 765 In
695 724 879 780 Dialogo
929 725 1041 765 inter
1069 724 1219 765 Haden
1249 734 1293 765 et
1321 725 1550 766 Diabolum

78 799 114 837 is
143 798 315 853 quidem
342 796 525 849 fatetur,
556 798 779 838 Christum
810 798 977 853 saepius
1008 798 1090 851 ipsi
1122 796 1253 838 fuisse
1285 800 1553 841 contrarium

81 866 244 926 (πολλά
275 869 519 920 ἐνεδείξατο
548 865 604 914 τά
635 869 834 925 ἐναντία)
866 880 909 911 et
940 871 1069 911 multa
1098 870 1264 923 fecisse,
1295 886 1416 927 quae,
1445 886 1550 928 quo·

80 947 208 988 modo
237 943 345 986 facta
373 947 467 997 sint,
490 959 536 986 se
566 946 730 986 nescire
766 945 949 1000 (repetit
979 958 1151 998 semper
1180 944 1407 986 formulam
1437 944 1548 996 πῶς,

80 1020 151 1062 vel
191 1017 370 1068 πόθεν,
412 1010 463 1059 ἐκ
505 1017 650 1072 οἷδα);
680 1031 849 1072 semper
877 1025 1016 1057 tamen
1044 1017 1157 1056 redit
1186 1017 1239 1056 ad
1265 1018 1546 1072 perniciosis-

79 1094 229 1134 simum
260 1107 380 1132 suum
422 1092 752 1147 praejudicium:
793 1089 873 1149 ἐγώ
932 1088 1172 1147 ἐπείσθην,
1199 1090 1267 1134 ὅτι
1306 1088 1552 1149 ἄνθρωπος

86 1168 200 1217 ἐστι,
230 1160 487 1222 φοβέμψενος
517 1159 598 1208 τόν
627 1160 850 1211 θάνατον.

188 1243 331 1282 Hades
360 1241 538 1293 dubitat,
566 1240 878 1296 Diabolumque
906 1240 1116 1291 hortatur,
1141 1249 1189 1281 ut
1217 1256 1239 1282 a
1267 1242 1340 1282 tali
1372 1243 1548 1286 consilio

83 1324 129 1357 et
159 1317 375 1356 conamine
404 1315 634 1356 temerario
668 1316 852 1356 desistat.
881 1317 920 1355 Is
955 1329 1056 1356 vero
1090 1316 1181 1370 ejus
1210 1317 1410 1356 timorem
1433 1316 1549 1356 ridet

86 1398 130 1430 et
169 1387 292 1429 brevi
335 1398 534 1444 tempore
577 1390 791 1429 Christum
829 1397 1046 1429 mortuum
1091 1389 1267 1429 tradere
1316 1392 1552 1445 promittit,

83 1473 225 1515 quem,
256 1474 301 1501 se
330 1470 607 1516 recepturum
636 1461 749 1516 apud
778 1475 838 1513 se,
867 1461 904 1500 si
932 1462 1073 1502 victor
1101 1462 1284 1502 evaserit
1314 1463 1543 1516 Diabolus,

78 1533 292 1587 promittit
329 1533 486 1574 Hades.
559 1533 647 1574 Sed
673 1547 744 1574 res
770 1534 897 1589 longe
926 1534 1050 1574 aliter
1093 1534 1218 1575 cedit.
1286 1536 1392 1575 Cum
1432 1537 1543 1578 enim

80 1607 286 1648 Diabolus
328 1607 528 1647 miracula
555 1608 706 1649 mortis
735 1608 896 1649 Christi
926 1607 1073 1658 videt,
1109 1608 1287 1648 territus
1316 1609 1370 1649 ad
1398 1611 1547 1651 Haden

82 1679 193 1735 fugit
225 1693 406 1735 eumque
436 1680 659 1732 obsecrat,
688 1689 736 1721 ut
764 1680 981 1722 Christum
1011 1680 1290 1722 adventurum
1319 1695 1406 1722 non
1434 1684 1543 1724 reci·

80 1754 182 1808 piat,
199 1752 273 1791 sed
303 1752 385 1807 ipsi
412 1752 650 1807 ingressum
679 1761 821 1807 neget.
857 1753 1150 1796 Vehementer
1177 1754 1318 1794 Hades
1349 1755 1543 1812 increpat

80 1827 306 1867 Diabolum
333 1827 498 1881 jamjam
524 1827 820 1867 lamentantem
849 1840 1054 1881 suumque
1087 1840 1283 1869 errorem
1325 1837 1368 1868 et
1390 1831 1542 1872 stulti-

79 1901 180 1942 tiam
209 1910 519 1955 agnoscentem.
575 1901 663 1941 Sed
693 1901 792 1941 dum
821 1901 955 1941 adhuc
986 1902 1268 1954 altercantur,
1299 1904 1389 1943 sine
1419 1921 1540 1948 mora

80 1975 198 2016 adest
240 1975 458 2026 Christus,
498 1976 638 2016 victor
683 1976 835 2015 mortis
879 1983 1003 2031 atque
1044 1975 1229 2029 inferni,
1274 1979 1538 2034 Angelorum

79 2049 255 2102 stipatus
285 2050 471 2103 agmine,
499 2058 646 2104 portas
676 2049 835 2089 inferni
865 2050 1004 2091 divina
1035 2065 1108 2090 sua
1141 2053 1332 2105 potentia
1380 2054 1532 2107 aperit,

78 2119 303 2159 Diabolum
331 2123 487 2162 catenis
518 2123 702 2162 aeternis
731 2123 917 2164 vinctum
948 2123 990 2162 in
1020 2123 1210 2176 abyssum
1245 2126 1450 2178 detrudit,
1492 2136 1537 2168 et

79 2193 314 2246 Prophetas
355 2209 584 2250 omnesque
628 2197 716 2250 pias
756 2198 908 2236 animas
946 2196 1117 2237 inferno
1159 2199 1337 2240 inclusas
1377 2199 1533 2242 liberat

79 2275 123 2307 et
150 2267 191 2306 in
219 2267 462 2308 Paradisum
489 2270 732 2310 transducit.
788 2271 955 2310 Finitur
985 2271 1122 2311 oratio
1153 2280 1197 2311 et
1224 2271 1395 2313 Diaboli
1434 2273 1532 2313 irri-

77 2341 219 2391 sione,
256 2349 300 2381 et
328 2342 556 2395 gratiarum
595 2345 780 2395 actione,
822 2352 866 2385 et
903 2345 1144 2400 Doxologia
1183 2360 1207 2386 a
1244 2346 1377 2388 choro
1422 2348 1530 2387 Pro·

73 2412 295 2469 phetarum
324 2414 367 2454 in
392 2414 560 2455 laudem
587 2417 761 2458 victoris
790 2419 968 2472 prolata.

180 2487 444 2540 Argumento
472 2490 600 2530 trium
632 2493 868 2531 orationem
899 2493 1190 2535 continuarum
1235 2506 1355 2536 recte
1394 2500 1530 2538 consi-

75 2559 248 2611 derato,
294 2562 472 2616 quilibet
509 2564 628 2606 videt
665 2566 805 2606 thema
843 2565 1131 2610 homileticum
1173 2582 1393 2610 commune
1433 2585 1527 2611 esse

74 2634 310 2677 Diabolum
360 2638 576 2693 deceptum
631 2651 668 2682 cc
722 2632 974 2697 succussu-m.
1050 2641 1315 2688 vaferrimus
1355 2645 1527 2701 piorum
