1867 3053
943 148 1210 195 -94-

345 281 498 314 tantam
540 272 817 312 Hoiniliarum
858 271 1165 311 multitudinem
1205 270 1366 324 accepit
1397 272 1604 313 Eusebius
1633 274 1683 314 E.-
1712 277 1788 327 E„

346 347 420 401 qui
448 344 643 398 paulatim
673 351 714 382 et
744 342 977 382 successive
1008 352 1223 382 crescente
1253 343 1295 382 in
1321 343 1408 383 dics
1439 358 1535 397 gaza
1562 346 1638 386 hac
1656 349 1789 387 eccle-

348 417 537 468 siastica,
579 416 871 456 IIomiliar-um
912 415 1015 465 fere
1054 415 1331 454 ducentarum
1374 425 1521 456 auctor
1565 419 1789 474 inscriptus

349 498 435 540 cst,
474 497 599 543 atque
641 486 892 541 aliquamdiu
927 486 1126 525 creditus.
1193 487 1256 524 Ex
1299 488 1437 539 parvis
1478 488 1605 529 initiis
1645 505 1791 545 magna

347 574 472 615 saepe
501 560 626 608 fiunt,
656 567 703 597 ut
734 559 776 597 in
804 566 975 597 auctore
1003 558 1084 597 isto
1105 558 1324 612 contigit.“
1389 559 1520 619 Quam
1552 571 1792 615 suspectum

348 643 486 673 autem
515 633 569 671 sit
597 632 678 671 hoc
707 643 812 683 opus
842 629 1129 669 homileticum
1155 629 1349 680 latinum,
1386 644 1508 670 nemo
1549 634 1696 673 melius
1727 632 1793 674 es-

347 705 505 755 tendit‚
537 718 658 759 quam
686 702 797 741 idem
829 702 1051 752 Gadium,
1099 701 1171 755 qui
1208 703 1455 755 amplissima
1485 704 1793 746 Dissertatione

349 792 392 830 p.
422 780 499 831 5'92
532 798 584 806 —-
610 775 704 821 426.
743 774 882 813 multis
921 772 1214 826 comprobavit
1257 774 1533 826 argumentis,
1571 790 1712 816 omnes
1741 778 1794 818 is-

348 857 412 888 tas
449 847 652 887 Homilias
692 846 834 885 latinas
874 860 960 885 non
1001 845 1079 884 nisi
1109 858 1217 884 saec.
1248 846 1294 884 V.
1327 854 1368 884 et
1395 847 1467 887 Vl.
1498 861 1520 886 a
1550 848 1793 890 doctoribus

349 919 542 974 pluribus
587 918 831 969 Gallicanis,
872 921 1033 958 Fausto
1065 919 1290 969 Regiense,
1321 919 1557 968 Eucherio,
1589 923 1795 963 Caesario

349 993 600 1033 Arelatense
627 990 797 1044 aliisque
830 1003 920 1028 esse
951 990 1211 1042 conscriptas
1242 997 1284 1028 et·
1314 1003 1365 1028 ex
1397 990 1628 1044 ignorantia
1658 1002 1701 1033 et
1729 1007 1795 1033 osa

350 1064 517 1103 citantia
544 1062 831 1116 posteriorum
859 1062 1119 1101 saeculorum
1149 1060 1225 1099 sub
1252 1061 1424 1100 Eusebii
1442 1064 1636 1103 Emeseni
1664 1067 1794 1105 nomi-

351 1150 404 1176 ne
436 1136 645 1176 collectas.

458 1219 544 1260 Sed
582 1221 664 1273 jam
705 1218 860 1258 dudum
889 1218 992 1258 Rob.
1024 1217 1316 1256 Bellarminus
1345 1218 1417 1272 (de
1462 1216 1659 1273 scriptor.
1691 1222 1793 1261 eccl.

352 1307 395 1347 p,
430 1292 502 1347 196
531 1312 584 1321 --
612 1291 683 1346 97)
712 1287 883 1329 brevius
901 1298 944 1328 et
965 1288 1177 1328 subactius
1211 1289 1320 1328 idem
1348 1291 1616 1344 judicaverat.
1673 1293 1799 1355 Quod

353 1364 556 1419 judicium
584 1362 654 1402 hic
683 1362 961 1415 repetendum
993 1374 1233 1400 censemus:
1273 1361 1474 1411 „Eusehii
1504 1365 1698 1405 Emeseni
1726 1379 1799 1405 no-

351 1437 464 1476 mine
495 1434 854 1475 circumferuntur
882 1432 1089 1472 Homiliae
1121 1432 1163 1470 in
1192 1433 1416 1485 Evangelia
1447 1436 1576 1474 totius
1605 1435 1722 1487 anni,
1755 1445 1799 1476 et‘

352 1523 499 1548 rursus
540 1506 746 1546 Homiliae
780 1504 1074 1558 quinquaginta
1104 1503 1315 1542 variorum
1344 1515 1685 1556 argumentorum
1717 1510 1798 1549 dis-

354 1579 618 1620 sertissimae.
675 1576 848 1615 Eusebii
876 1575 1074 1614 Emeseni
1105 1574 1317 1627 cujusdam
1356 1576 1542 1616 meminit
1571 1578 1612 1617 S.
1645 1581 1798 1620 Hiero-

354 1665 524 1704 nymus,
564 1662 689 1704 quem
719 1648 823 1687 dixit
854 1647 1072 1700 scripsisse
1104 1646 1325 1698 plurimas,
1355 1654 1397 1685 et
1424 1647 1576 1688 vixisse
1605 1655 1798 1705 tempore

356 1722 586 1763 Constantii
615 1720 909 1774 Imperat01·i8‚
939 1718 1013 1757 filii
1043 1716 1299 1757 Constantini
1328 1718 1382 1756 M.
1439 1718 1525 1758 Sed
1558 1718 1666 1757 illius
1698 1732 1799 1772 ope.

357 1809 405 1834 ra
449 1809 533 1835 non
573 1801 757 1842 exstant,
798 1791 896 1830 ideo
930 1804 1025 1829 eum
1066 1803 1148 1828 non
1191 1789 1405 1841 posuimus
1444 1804 1519 1829 suo
1557 1792 1651 1831 loco
1686 1792 1731 1844 (i.
1762 1804 1799 1831 e..

358 1867 509 1906 saecul.
539 1866 650 1912 IV.).
703 1863 784 1902 Hic
825 1871 964 1902 autem
1002 1861 1069 1901 vel
1099 1868 1161 1899 est
1190 1860 1291 1899 alius
1321 1861 1527 1901 Eusebius
1556 1864 1798 1913 Emesenus,

358 1939 634 1993 undecunque
666 1934 748 1974 hoc
778 1947 928 1973 nomen
958 1932 1191 1985 acceperit,
1232 1932 1301 1972 vel
1328 1932 1403 1971 sub
1448 1934 1613 1972 nomine
1643 1948 1801 1987 suppo--

361 2011 457 2051 sitio
486 2008 692 2050 Homiliae
721 2007 824 2047 istae
854 2014 950 2045 sunt
979 2005 1141 2052 editae,
1172 2017 1265 2042 cum
1298 2018 1418 2043 verus
1448 2014 1594 2045 auctor
1635 2006 1800 2059 ignora-

359 2092 492 2124 retur.
560 2083 707 2135 Neque
750 2079 946 2119 videntur
985 2077 1192 2116 Homiliae
1241 2076 1332 2115 illae
1380 2076 1532 2117 breves
1584 2078 1625 2116 in
1665 2079 1799 2117 omnia

362 2154 587 2207 Evangelia
617 2151 804 2206 ejusdem
846 2163 937 2189 esse
976 2149 1177 2197 auctoris,
1222 2150 1338 2202 cujus
1382 2158 1476 2188 sunt
1506 2150 1800 2204 quinquaginta

362 2226 572 2267 Homiliae
603 2225 654 2263 de
686 2223 808 2263 variis
837 2222 1112 2275 argumentis3
1153 2221 1280 2273 stylus
1321 2221 1429 2259 enim
1458 2221 1576 2260 valde
1609 2221 1799 2260 diversus

365 2308 442 2338 est.
498 2296 604 2335 Illud
647 2303 807 2334 certum
849 2302 933 2344 est,
984 2302 1198 2332 auctorem
1246 2294 1293 2331 L.
1342 2292 1617 2331 lIomiliarum
1669 2291 1799 2331 fuisse

363 2372 567 2410 Latinum
597 2377 639 2407 ct
661 2368 916 2405 sslonaclntm
943 2366 984 2405 in
1000 2366 1268 2404 Monamrio
1294 2365 1534 2410 Lirinensis
1562 2379 1652 2403 nam
1673 2366 1798 2408 Hom,

364 2444 417 2484 V.
461 2441 512 2480 ad
550 2439 774 2478 Monachos
813 2438 966 2476 indicat
1011 2451 1055 2476 sc
1097 2436 1222 2475 fnisse
1253 2435 1459 2474 Abbatcni
1489 2436 1729 2475 Monasterii
1757 2439 1800 2475 in

366 2513 502 2552 Insula
532 2510 760 2550 constituti.
818 2511 932 2549 Idem
962 2509 1142 2548 Holnilia
1174 2508 1224 2546 de
1243 2508 1284 2546 S.
1303 2509 1478 2546 Maximo
1509 2522 1596 2546 eam
1628 2508 1799 2546 insulam

365 2584 627 2624 Lirinensem
674 2590 810 2624 vocat.
872 2581 1053 2626 Videtur
1097 2579 1219 2619 etiam
1277 2594 1328 2619 ex
1375 2579 1537 2620 Abbate
1590 2579 1799 2618 Lirinensi
