1867 3053
899 194 1170 241 ...58-

295 318 398 360 viris
428 316 582 358 illustr.
611 329 649 359 0.
677 317 789 374 91.):
820 316 1018 370 „Floruit
1065 316 1332 372 temporibus
1362 315 1597 357 Constantii
1625 316 1762 373 Impe-

299 393 479 446 ratoris,
511 393 588 433 sub
619 407 705 448 quo
734 401 773 434 ec
801 401 1025 440 mortuus,
1058 394 1317 432 Antiochiae
1345 393 1531 445 sepultus
1561 396 1671 432 est.“

405 497 475 536 De
515 509 621 539 aevo
664 496 818 551 igitur,
861 510 946 551 quo
985 495 1114 547 vixit,
1155 495 1315 535 nullum
1353 506 1419 538 est
1463 494 1663 545 dubium3
1705 494 1760 534 de

296 558 604 623 exundantem,
633 583 719 625 quo
757 578 877 610 natus
907 578 951 610 et
980 578 1199 622 mortuus,
1236 584 1323 610 non
1353 567 1451 609 satis
1482 577 1656 609 constat.
1692 570 1762 608 De

297 659 406 686 anno
434 644 660 685 nativitatis
689 643 848 683 nullum
878 650 992 682 extat
1032 642 1284 696 vestigium3
1332 640 1521 695 nihilque
1566 649 1764 694 superest

295 725 471 771 praeter
500 717 817 771 conjecturam,
846 723 1064 755 auctorem
1103 723 1294 755 nostrum
1320 712 1389 755 vel
1425 713 1575 754 ultimo
1608 712 1765 753 saeculi

296 789 372 829 111.
413 790 578 842 Iustro,
620 789 689 832 vel
728 789 877 844 primis
920 802 1028 828 saec.
1070 789 1141 833 IV.
1186 788 1302 828 annis
1340 788 1479 828 lucem
1508 787 1763 842 adspexisse.

297 861 427 919 Quod
470 862 523 902 ad
576 876 728 902 annum
769 861 919 901 mortis
971 862 1140 912 attinet,
1187 861 1450 913 Hieronymo
1494 868 1628 914 teste,
1669 870 1764 901 ante

297 934 591 975 Constantium
619 937 951 989 Imperatorem,
985 933 1069 974 hoc
1100 941 1164 974 est
1195 943 1290 974 ante
1319 949 1355 974 a.
1388 934 1483 975 361.
1514 933 1625 973 diem
1657 933 1764 973 obiit

296 1022 556 1063 supremum.
615 1008 907 1048 Certissimum
937 1008 1045 1059 boc,
1076 1016 1125 1047 ut
1155 1008 1280 1047 etiam
1310 1008 1424 1047 Phil.
1457 1007 1654 1047 Labbeus
1690 1004 1765 1059 (de

297 1083 444 1137 script.
486 1082 590 1122 eccl.
633 1082 682 1121 T.
724 1082 755 1120 I.
796 1096 839 1135 p.
880 1081 996 1135 310.)
1037 1080 1316 1122 observavit:
1382 1081 1530 1132 „Vixit
1569 1089 1767 1134 tempore

300 1154 540 1195 Constantii
568 1157 725 1208 Imper.
756 1153 834 1194 sub
866 1167 951 1209 quo
981 1160 1175 1193 mortuus
1205 1162 1249 1193 et
1278 1152 1532 1193 Antiochiae
1574 1151 1765 1206 sepultus

298 1235 390 1279 est,
422 1227 609 1283 ideoque
639 1227 786 1267 saltem
818 1236 915 1267 ante
946 1240 1098 1265 annum
1131 1225 1227 1268 361.
1256 1226 1404 1267 vivere
1446 1225 1618 1265 desiit.“
1675 1227 1770 1266 Til-

302 1301 516 1340 lemontus
548 1300 746 1353 (Memor.
777 1299 874 1338 hist.
905 1298 1010 1338 0001.
1039 1300 1089 1339 T.
1119 1300 1190 1343 VI.
1221 1299 1269 1339 P.
1298 1300 1348 1338 ΙΙ.
1379 1315 1421 1355 p.
1457 1301 1584 1354 124),
1629 1299 1770 1339 Oudi-

303 1389 383 1414 mcs
415 1373 720 1427 (Commentar.
756 1374 805 1411 Τ.
837 1372 868 1410 Ι.
897 1385 940 1425 p.
978 1370 1121 1427 391.),
1162 1372 1396 1412 Fabricius
1427 1372 1559 1426 (Bibl.
1593 1372 1695 1413 eccl.
1724 1386 1768 1426 p.

307 1447 379 1487 181
415 1454 458 1485 et
499 1445 613 1485 Bibl.
647 1445 721 1485 Gr.
752 1442 818 1483 ed.
846 1445 1044 1484 Harless.
1079 1446 1129 1484 T.
1161 1445 1251 1488 VII.
1284 1462 1328 1500 p.
1358 1448 1502 1499 [μ’-1.),
1534 1446 1770 1487 Schroeck-

305 1519 401 1557 hius
431 1517 519 1571 (011.
564 1516 1001 1570 Kirchengeschichte
1032 1517 1081 1555 T.
1114 1517 1186 1559 VI.
1214 1531 1256 1570 p.
1297 1516 1382 1572 69.)
1424 1518 1576 1572 aliique
1619 1519 1771 1559 mortis

305 1604 459 1631 annum
486 1604 521 1630 a.
554 1588 649 1630 360.
681 1589 924 1643 adsignant,
954 1601 1008 1626 ex
1037 1600 1155 1626 mera
1185 1588 1455 1642 conjectura,
1484 1589 1546 1629 uti
1586 1590 1769 1630 videtur.

307 1663 376 1704 Ad
403 1677 498 1704 rem
526 1663 657 1718 magis
686 1662 844 1702 faciens
875 1661 1036 1716 judicat
1066 1661 1342 1701 ch-Pz'nz'us
1372 1663 1498 1711 (Nov.
1528 1663 1639 1702 Bibl.
1662 1671 1771 1703 auct.

309 1737 413 1776 eccl.
443 1738 492 1776 T.
522 1737 572 1774 ΙΙ.
602 1749 645 1789 p.
681 1733 817 1786 126.):
862 1732 1075 1785 „Obierat
1103 1733 1186 1787 jam
1225 1749 1259 1774 a.
1303 1734 1420 1790 359..,
1460 1734 1775 1790 quadoquidem

313 1808 405 1862 ejus
435 1820 660 1847 successor
699 1808 868 1847 Paulus
908 1808 1136 1847 Emesenus
1175 1805 1310 1846 adfuit
1348 1807 1541 1847 Concilio
1587 1809 1777 1849 Seleuci-

313 1882 427 1933 ensi,
457 1889 505 1920 ut
536 1893 589 1920 ex
627 1879 868 1934 Epiphanio
911 1879 1060 1919 videre
1100 1882 1210 1921 est.“
1264 1879 1366 1934 Agit
1403 1881 1455 1921 de
1497 1880 1581 1921 hoc
1624 1881 1776 1922 Conci-

314 1953 472 1993 liabulo
504 1952 581 2007 (ita
613 1951 725 1991 enim
765 1961 936 1992 veteres
983 1951 1091 1991 hanc
1127 1952 1540 1992 Semi-Arianorum
1583 1961 1626 1993 et
1664 1955 1778 1994 Ano-

316 2039 541 2066 moeorum
559 2025 763 2080 synodum
792 2025 1021 2079 vocabant)
1058 2025 1320 2065 Scleuciensi
1348 2025 1466 2080 jussu
1491 2025 1721 2067 Constantii
1741 2042 1776 2068 a.

319 2099 415 2155 359.
441 2098 584 2140 habito
609 2099 872 2154 Epiphanius
895 2099 1323 2142 haeres.N.LXX111.
1345 2098 1447 2151 §.23
1475 2122 1529 2128 —
1558 2099 1624 2140 26.
1662 2099 1778 2155 Opp.

322 2174 374 2214 T.
406 2173 436 2213 Ι.
466 2188 509 2228 p.
539 2175 796 2227 870—874.
855 2174 901 2213 In
931 2172 1244 2226 subscriptione
1272 2188 1314 2226 p.
1347 2174 1441 2225 874.
1472 2171 1655 2212 exhibita
1680 2173 1780 2214 loco

323 2246 506 2299 septimo
546 2245 730 2299 legitur:
766 2244 954 2292 ,Παῦλος
997 2243 1233 2292 ἐπίσκοπος
1271 2238 1475 2301 'Epium
1535 2245 1783 2288 Occurrunt

325 2319 386 2358 ibi
423 2320 547 2359 ctiam
588 2320 672 2360 duo
715 2319 915 2370 Eusebii,
954 2318 1150 2358 nimirum
1189 2317 1398 2371 Eusebius
1439 2318 1678 2372 Episcopus
1706 2319 1782 2359 Se-

325 2392 487 2432 leuciae
518 2393 678 2446 Syriae,
711 2402 754 2434 et
784 2393 995 2433 Eusebius
1025 2392 1264 2446 Episcopus
1281 2390 1481 2432 Sebastae
1507 2392 1785 2446 Palaestinae3

329 2467 407 2507 sed
433 2467 478 2507 hi
509 2481 532 2507 a
562 2468 721 2507 Nostro
750 2476 847 2506 sunt
877 2465 1050 2508 diversi.

440 2575 549 2616 Cum
580 2585 733 2628 autem,
765 2577 820 2617 ob
853 2575 1068 2617 defectum
1095 2576 1312 2631 historiae,
1345 2590 1468 2620 omne
1496 2577 1643 2620 Nostri
1673 2579 1784 2621 vitae

331 2650 591 2690 curriculum
632 2650 828 2705 καθεξῆς
865 2650 1025 2692 absolvi
1066 2658 1287 2710 vnequeat,
1333 2651 1563 2693 consultius
1602 2650 1786 2704 videtur,
