<?xml version="1.0" encoding="UTF-8"?>
<!DOCTYPE html PUBLIC "-//W3C//DTD XHTML 1.0 Transitional//EN"
    "http://www.w3.org/TR/xhtml1/DTD/xhtml1-transitional.dtd">
<html xmlns="http://www.w3.org/1999/xhtml" xml:lang="en" lang="en">
 <head>
  <title>
</title>
<meta http-equiv="Content-Type" content="text/html;charset=utf-8" />
  <meta name='ocr-system' content='tesseract 3.04.00' />
  <meta name='ocr-capabilities' content='ocr_page ocr_carea ocr_par ocr_line ocrx_word'/>
</head>
<body>
  <div class='ocr_page' id='page_1' title='image "./eusebiiemeseniqu00auguuoft_0130.png"; bbox 0 0 1773 3032; ppageno 0'>
   <div class='ocr_carea' id='block_1_1' title="bbox 798 738 1100 794">
    <p class='ocr_par' dir='ltr' id='par_1_1' title="bbox 798 738 1100 794">
     <span class='ocr_line' id='line_1_1' title="bbox 798 738 1100 794; baseline -0.003 -1"><span class='ocrx_word' id='word_1_1' title='bbox 798 738 955 794; x_wconf 84' lang='lat' dir='ltr'><strong>CAP.</strong></span> <span class='ocrx_word' id='word_1_2' title='bbox 1000 739 1100 792; x_wconf 92' lang='lat' dir='ltr'><strong>III.</strong></span> 
     </span>
    </p>
   </div>
   <div class='ocr_carea' id='block_1_2' title="bbox 270 901 1632 1083">
    <p class='ocr_par' dir='ltr' id='par_1_2' title="bbox 270 901 1632 1083">
     <span class='ocr_line' id='line_1_2' title="bbox 270 901 1632 993; baseline -0.001 -23"><span class='ocrx_word' id='word_1_3' title='bbox 270 901 651 993; x_wconf 70' lang='lat' dir='ltr'>Expositio</span> <span class='ocrx_word' id='word_1_4' title='bbox 704 902 1142 989; x_wconf 73' lang='lat' dir='ltr'>sinyulorum</span> <span class='ocrx_word' id='word_1_5' title='bbox 1197 912 1632 972; x_wconf 75' lang='lat' dir='ltr'><strong><em>tractatuum</em></strong></span> 
     </span>
     <span class='ocr_line' id='line_1_3' title="bbox 719 1016 1178 1083; baseline 0.007 -3"><span class='ocrx_word' id='word_1_6' title='bbox 719 1023 785 1081; x_wconf 79' lang='lat' dir='ltr'>et</span> <span class='ocrx_word' id='word_1_7' title='bbox 849 1016 1178 1083; x_wconf 78' lang='lat' dir='ltr'>locorum.</span> 
     </span>
    </p>
   </div>
   <div class='ocr_carea' id='block_1_3' title="bbox 816 1162 1102 1173">
    <p class='ocr_par' dir='ltr' id='par_1_3' title="bbox 816 1162 1102 1173">
     <span class='ocr_line' id='line_1_4' title="bbox 816 1162 1102 1173; baseline 0 1859"><span class='ocrx_word' id='word_1_8' title='bbox 816 1162 1102 1173; x_wconf 95' lang='lat' dir='ltr'> </span> 
     </span>
    </p>
   </div>
   <div class='ocr_carea' id='block_1_4' title="bbox 937 1290 986 1342">
    <p class='ocr_par' dir='ltr' id='par_1_4' title="bbox 937 1290 986 1342">
     <span class='ocr_line' id='line_1_5' title="bbox 937 1290 986 1342; baseline 0 0"><span class='ocrx_word' id='word_1_9' title='bbox 937 1290 986 1342; x_wconf 93' lang='lat' dir='ltr'>I.</span> 
     </span>
    </p>
   </div>
   <div class='ocr_carea' id='block_1_5' title="bbox 226 1433 1680 1568">
    <p class='ocr_par' dir='ltr' id='par_1_5' title="bbox 226 1433 1680 1568">
     <span class='ocr_line' id='line_1_6' title="bbox 227 1433 1680 1483; baseline -0.001 -2"><span class='ocrx_word' id='word_1_10' title='bbox 227 1433 480 1481; x_wconf 86' lang='lat' dir='ltr'><em>ORATIO</em></span> <span class='ocrx_word' id='word_1_11' title='bbox 524 1436 625 1479; x_wconf 92' lang='lat' dir='ltr'>DE</span> <span class='ocrx_word' id='word_1_12' title='bbox 668 1435 1027 1483; x_wconf 89' lang='lat' dir='ltr'><em>ADVENTU</em></span> <span class='ocrx_word' id='word_1_13' title='bbox 1067 1437 1164 1481; x_wconf 90' lang='lat' dir='ltr'>ET</span> <span class='ocrx_word' id='word_1_14' title='bbox 1212 1434 1680 1482; x_wconf 87' lang='lat' dir='ltr'><em>ANNUNTIATI-</em></span> 
     </span>
     <span class='ocr_line' id='line_1_7' title="bbox 226 1519 1680 1568; baseline -0.001 -2"><span class='ocrx_word' id='word_1_15' title='bbox 226 1519 368 1566; x_wconf 91' lang='lat' dir='ltr'>ONE</span> <span class='ocrx_word' id='word_1_16' title='bbox 400 1519 693 1567; x_wconf 81' lang='lat' dir='ltr'><strong><em>JOANNIS</em></strong></span> <span class='ocrx_word' id='word_1_17' title='bbox 729 1522 1118 1568; x_wconf 82' lang='lat' dir='ltr'><em>BAPTISTAE</em></span> <span class='ocrx_word' id='word_1_18' title='bbox 1150 1522 1347 1568; x_wconf 90' lang='lat' dir='ltr'><em>APUD</em></span> <span class='ocrx_word' id='word_1_19' title='bbox 1381 1521 1680 1567; x_wconf 88' lang='lat' dir='ltr'><strong><em>INFEROS.</em></strong></span> 
     </span>
    </p>
   </div>
   <div class='ocr_carea' id='block_1_6' title="bbox 226 1731 1685 2046">
    <p class='ocr_par' dir='ltr' id='par_1_6' title="bbox 226 1731 1685 2046">
     <span class='ocr_line' id='line_1_8' title="bbox 226 1731 1682 1833; baseline 0.003 -23"><span class='ocrx_word' id='word_1_20' title='bbox 226 1731 351 1815; x_wconf 83' lang='lat' dir='ltr'>De</span> <span class='ocrx_word' id='word_1_21' title='bbox 378 1771 531 1811; x_wconf 86' lang='lat' dir='ltr'>titulo:</span> <span class='ocrx_word' id='word_1_22' title='bbox 569 1764 701 1829; x_wconf 77' lang='grc' dir='ltr'><em>λόγος</em></span> <span class='ocrx_word' id='word_1_23' title='bbox 737 1769 840 1829; x_wconf 80' lang='grc' dir='ltr'><em>περὶ</em></span> <span class='ocrx_word' id='word_1_24' title='bbox 876 1771 955 1827; x_wconf 81' lang='grc' dir='ltr'>τῆς</span> <span class='ocrx_word' id='word_1_25' title='bbox 982 1769 1194 1827; x_wconf 62' lang='grc' dir='ltr'><em>παρεσεάς</em></span> <span class='ocrx_word' id='word_1_26' title='bbox 1222 1765 1403 1816; x_wconf 67' lang='lat' dir='ltr'>’Iwa&#39;mra</span> <span class='ocrx_word' id='word_1_27' title='bbox 1431 1773 1479 1816; x_wconf 77' lang='grc' dir='ltr'>ἐν</span> <span class='ocrx_word' id='word_1_28' title='bbox 1506 1774 1568 1830; x_wconf 78' lang='grc' dir='ltr'>τῷ</span> <span class='ocrx_word' id='word_1_29' title='bbox 1593 1771 1682 1833; x_wconf 73' lang='grc' dir='ltr'>ᾅδῃ</span> 
     </span>
     <span class='ocr_line' id='line_1_9' title="bbox 226 1843 1684 1897; baseline 0.001 -12"><span class='ocrx_word' id='word_1_30' title='bbox 226 1853 309 1885; x_wconf 82' lang='lat' dir='ltr'>etc.</span> <span class='ocrx_word' id='word_1_31' title='bbox 339 1843 590 1895; x_wconf 85' lang='lat' dir='ltr'>notandum,</span> <span class='ocrx_word' id='word_1_32' title='bbox 630 1858 727 1884; x_wconf 89' lang='lat' dir='ltr'>eum</span> <span class='ocrx_word' id='word_1_33' title='bbox 755 1858 839 1884; x_wconf 89' lang='lat' dir='ltr'>non</span> <span class='ocrx_word' id='word_1_34' title='bbox 869 1844 920 1884; x_wconf 83' lang='lat' dir='ltr'>ab</span> <span class='ocrx_word' id='word_1_35' title='bbox 950 1847 1134 1885; x_wconf 86' lang='lat' dir='ltr'>auctoris</span> <span class='ocrx_word' id='word_1_36' title='bbox 1163 1857 1255 1885; x_wconf 84' lang='lat' dir='ltr'>esse</span> <span class='ocrx_word' id='word_1_37' title='bbox 1283 1860 1430 1897; x_wconf 85' lang='lat' dir='ltr'>manu,</span> <span class='ocrx_word' id='word_1_38' title='bbox 1466 1846 1542 1885; x_wconf 84' lang='lat' dir='ltr'>sed</span> <span class='ocrx_word' id='word_1_39' title='bbox 1569 1860 1592 1886; x_wconf 86' lang='lat' dir='ltr'>a</span> <span class='ocrx_word' id='word_1_40' title='bbox 1620 1860 1684 1886; x_wconf 82' lang='lat' dir='ltr'>se-</span> 
     </span>
     <span class='ocr_line' id='line_1_10' title="bbox 231 1917 1685 1973; baseline 0.003 -18"><span class='ocrx_word' id='word_1_41' title='bbox 231 1917 392 1973; x_wconf 84' lang='lat' dir='ltr'>quioris</span> <span class='ocrx_word' id='word_1_42' title='bbox 422 1917 514 1957; x_wconf 83' lang='lat' dir='ltr'>aevi</span> <span class='ocrx_word' id='word_1_43' title='bbox 544 1917 713 1957; x_wconf 85' lang='lat' dir='ltr'>editore</span> <span class='ocrx_word' id='word_1_44' title='bbox 744 1919 1022 1972; x_wconf 84' lang='lat' dir='ltr'>adscriptum,</span> <span class='ocrx_word' id='word_1_45' title='bbox 1071 1926 1117 1958; x_wconf 85' lang='lat' dir='ltr'>ut</span> <span class='ocrx_word' id='word_1_46' title='bbox 1145 1919 1440 1973; x_wconf 87' lang='lat' dir='ltr'>praemissum:</span> <span class='ocrx_word' id='word_1_47' title='bbox 1478 1919 1541 1959; x_wconf 72' lang='grc' dir='ltr'><em>τὲ</em></span> <span class='ocrx_word' id='word_1_48' title='bbox 1576 1934 1614 1973; x_wconf 79' lang='grc' dir='ltr'><em>μ</em></span> <span class='ocrx_word' id='word_1_49' title='bbox 1629 1934 1685 1960; x_wconf 85' lang='grc' dir='ltr'>α-</span> 
     </span>
     <span class='ocr_line' id='line_1_11' title="bbox 227 1988 1684 2046; baseline 0.001 -16"><span class='ocrx_word' id='word_1_50' title='bbox 227 1988 391 2046; x_wconf 68' lang='grc' dir='ltr'><em>καρίε</em></span> <span class='ocrx_word' id='word_1_51' title='bbox 419 1988 684 2046; x_wconf 68' lang='grc' dir='ltr'><em>Εὐσεβίε</em></span> <span class='ocrx_word' id='word_1_52' title='bbox 710 1992 753 2045; x_wconf 79' lang='grc'>*)</span> <span class='ocrx_word' id='word_1_53' title='bbox 785 2000 980 2033; x_wconf 83' lang='lat' dir='ltr'>testatur.</span> <span class='ocrx_word' id='word_1_54' title='bbox 1036 1992 1266 2032; x_wconf 84' lang='lat' dir='ltr'>Desumtus</span> <span class='ocrx_word' id='word_1_55' title='bbox 1310 2004 1402 2032; x_wconf 86' lang='lat' dir='ltr'>esse</span> <span class='ocrx_word' id='word_1_56' title='bbox 1430 1991 1599 2033; x_wconf 82' lang='lat' dir='ltr'>videtur</span> <span class='ocrx_word' id='word_1_57' title='bbox 1632 2004 1684 2032; x_wconf 85' lang='lat' dir='ltr'>ex</span> 
     </span>
    </p>
   </div>
   <div class='ocr_carea' id='block_1_7' title="bbox 301 2194 1687 2636">
    <p class='ocr_par' dir='ltr' id='par_1_7' title="bbox 301 2194 1687 2636">
     <span class='ocr_line' id='line_1_12' title="bbox 301 2194 1684 2244; baseline -0.001 -12"><span class='ocrx_word' id='word_1_58' title='bbox 301 2201 342 2244; x_wconf 55' lang='lat'>³)</span> <span class='ocrx_word' id='word_1_59' title='bbox 366 2199 440 2232; x_wconf 85' lang='lat' dir='ltr'>Leo</span> <span class='ocrx_word' id='word_1_60' title='bbox 478 2198 645 2232; x_wconf 79' lang='lat' dir='ltr'>Allatz&#39;us</span> <span class='ocrx_word' id='word_1_61' title='bbox 672 2199 789 2232; x_wconf 83' lang='lat' dir='ltr'>Diatr.</span> <span class='ocrx_word' id='word_1_62' title='bbox 827 2197 873 2232; x_wconf 87' lang='lat' dir='ltr'>de</span> <span class='ocrx_word' id='word_1_63' title='bbox 911 2198 1134 2243; x_wconf 86' lang='lat' dir='ltr'>Symeonum</span> <span class='ocrx_word' id='word_1_64' title='bbox 1171 2198 1337 2244; x_wconf 82' lang='lat' dir='ltr'>scriptis.</span> <span class='ocrx_word' id='word_1_65' title='bbox 1387 2197 1500 2235; x_wconf 77' lang='lat' dir='ltr'>Paris,</span> <span class='ocrx_word' id='word_1_66' title='bbox 1526 2194 1622 2230; x_wconf 69' lang='lat'><strong>1664.</strong></span> <span class='ocrx_word' id='word_1_67' title='bbox 1647 2195 1684 2231; x_wconf 82' lang='lat'>4.</span> 
     </span>
     <span class='ocr_line' id='line_1_13' title="bbox 364 2264 1687 2311; baseline 0 -13"><span class='ocrx_word' id='word_1_68' title='bbox 364 2277 400 2311; x_wconf 86' lang='lat' dir='ltr'>p.</span> <span class='ocrx_word' id='word_1_69' title='bbox 427 2264 484 2298; x_wconf 83' lang='lat'>82.</span> <span class='ocrx_word' id='word_1_70' title='bbox 512 2265 718 2298; x_wconf 81' lang='lat' dir='ltr'>orationem</span> <span class='ocrx_word' id='word_1_71' title='bbox 748 2270 908 2298; x_wconf 84' lang='lat' dir='ltr'>nostram</span> <span class='ocrx_word' id='word_1_72' title='bbox 934 2265 1094 2297; x_wconf 71' lang='lat' dir='ltr'>Eusebio</span> <span class='ocrx_word' id='word_1_73' title='bbox 1110 2264 1372 2298; x_wconf 74' lang='lat' dir='ltr'>Alexandrino</span> <span class='ocrx_word' id='word_1_74' title='bbox 1395 2264 1538 2305; x_wconf 82' lang='lat' dir='ltr'>tribuit,</span> <span class='ocrx_word' id='word_1_75' title='bbox 1556 2269 1687 2298; x_wconf 79' lang='lat' dir='ltr'>aucto-</span> 
     </span>
     <span class='ocr_line' id='line_1_14' title="bbox 370 2328 1684 2375; baseline -0.001 -12"><span class='ocrx_word' id='word_1_76' title='bbox 370 2329 481 2363; x_wconf 79' lang='lat' dir='ltr'>ritate</span> <span class='ocrx_word' id='word_1_77' title='bbox 524 2330 708 2363; x_wconf 85' lang='lat' dir='ltr'>Simeonis</span> <span class='ocrx_word' id='word_1_78' title='bbox 742 2330 984 2375; x_wconf 78' lang='lat' dir='ltr'>Matnphrast.</span> <span class='ocrx_word' id='word_1_79' title='bbox 1021 2329 1120 2362; x_wconf 85' lang='lat' dir='ltr'><strong>Fieri</strong></span> <span class='ocrx_word' id='word_1_80' title='bbox 1158 2329 1196 2361; x_wconf 84' lang='lat' dir='ltr'>id</span> <span class='ocrx_word' id='word_1_81' title='bbox 1234 2333 1383 2374; x_wconf 79' lang='lat' dir='ltr'>poterat</span> <span class='ocrx_word' id='word_1_82' title='bbox 1417 2328 1477 2361; x_wconf 84' lang='lat' dir='ltr'>vel</span> <span class='ocrx_word' id='word_1_83' title='bbox 1503 2341 1684 2374; x_wconf 85' lang='lat' dir='ltr'>personae</span> 
     </span>
     <span class='ocr_line' id='line_1_15' title="bbox 369 2393 1682 2442; baseline -0.002 -14"><span class='ocrx_word' id='word_1_84' title='bbox 369 2397 669 2442; x_wconf 70' lang='lat' dir='ltr'>permutatione,</span> <span class='ocrx_word' id='word_1_85' title='bbox 703 2395 764 2429; x_wconf 86' lang='lat' dir='ltr'>vel</span> <span class='ocrx_word' id='word_1_86' title='bbox 797 2395 904 2437; x_wconf 82' lang='lat' dir='ltr'>ideo,</span> <span class='ocrx_word' id='word_1_87' title='bbox 943 2394 1044 2440; x_wconf 87' lang='lat' dir='ltr'>quod</span> <span class='ocrx_word' id='word_1_88' title='bbox 1081 2394 1260 2428; x_wconf 83' lang='lat' dir='ltr'>Eusebius</span> <span class='ocrx_word' id='word_1_89' title='bbox 1295 2399 1442 2435; x_wconf 81' lang='lat' dir='ltr'>noster,</span> <span class='ocrx_word' id='word_1_90' title='bbox 1480 2394 1526 2426; x_wconf 90' lang='lat' dir='ltr'>ob</span> <span class='ocrx_word' id='word_1_91' title='bbox 1559 2393 1682 2427; x_wconf 81' lang='lat' dir='ltr'>studia</span> 
     </span>
     <span class='ocr_line' id='line_1_16' title="bbox 364 2457 1685 2508; baseline -0.004 -14"><span class='ocrx_word' id='word_1_92' title='bbox 364 2461 626 2508; x_wconf 81' lang='lat' dir='ltr'>philosophica</span> <span class='ocrx_word' id='word_1_93' title='bbox 655 2460 906 2495; x_wconf 79' lang='lat' dir='ltr'>Alexandriae</span> <span class='ocrx_word' id='word_1_94' title='bbox 941 2460 1131 2501; x_wconf 83' lang='lat' dir='ltr'>absoluta,</span> <span class='ocrx_word' id='word_1_95' title='bbox 1169 2458 1453 2492; x_wconf 68' lang='lat' dir='ltr'>Alexandrinus</span> <span class='ocrx_word' id='word_1_96' title='bbox 1487 2457 1685 2491; x_wconf 82' lang='lat' dir='ltr'>diceretur.</span> 
     </span>
     <span class='ocr_line' id='line_1_17' title="bbox 374 2521 1681 2572; baseline -0.006 -12"><span class='ocrx_word' id='word_1_97' title='bbox 374 2528 572 2572; x_wconf 85' lang='lat' dir='ltr'>Utcunque</span> <span class='ocrx_word' id='word_1_98' title='bbox 601 2526 671 2566; x_wconf 85' lang='lat' dir='ltr'>sit,</span> <span class='ocrx_word' id='word_1_99' title='bbox 697 2526 903 2559; x_wconf 78' lang='lat' dir='ltr'>orationem</span> <span class='ocrx_word' id='word_1_100' title='bbox 929 2530 1091 2560; x_wconf 79' lang='lat' dir='ltr'>nostram</span> <span class='ocrx_word' id='word_1_101' title='bbox 1118 2525 1261 2563; x_wconf 84' lang='lat' dir='ltr'>innuit,</span> <span class='ocrx_word' id='word_1_102' title='bbox 1290 2524 1378 2557; x_wconf 75' lang='lat' dir='ltr'>licet</span> <span class='ocrx_word' id='word_1_103' title='bbox 1401 2523 1534 2556; x_wconf 78' lang='lat' dir='ltr'>titulus</span> <span class='ocrx_word' id='word_1_104' title='bbox 1569 2521 1681 2566; x_wconf 84' lang='lat' dir='ltr'>paulo</span> 
     </span>
     <span class='ocr_line' id='line_1_18' title="bbox 376 2582 1685 2636; baseline -0.002 -13"><span class='ocrx_word' id='word_1_105' title='bbox 376 2591 577 2636; x_wconf 84' lang='lat' dir='ltr'>discrepet.</span> <span class='ocrx_word' id='word_1_106' title='bbox 625 2592 681 2625; x_wconf 81' lang='lat' dir='ltr'>Ita</span> <span class='ocrx_word' id='word_1_107' title='bbox 707 2592 806 2624; x_wconf 85' lang='lat' dir='ltr'>enim</span> <span class='ocrx_word' id='word_1_108' title='bbox 834 2591 1046 2624; x_wconf 74' lang='lat' dir='ltr'>exhibetur:</span> <span class='ocrx_word' id='word_1_109' title='bbox 1071 2588 1288 2635; x_wconf 77' lang='grc' dir='ltr'><em>Ἀναγκαῖον</em></span> <span class='ocrx_word' id='word_1_110' title='bbox 1322 2590 1395 2625; x_wconf 77' lang='grc' dir='ltr'><em>ἐστὶ</em></span> <span class='ocrx_word' id='word_1_111' title='bbox 1427 2587 1536 2624; x_wconf 80' lang='grc' dir='ltr'><em>πάλιν</em></span> <span class='ocrx_word' id='word_1_112' title='bbox 1571 2582 1685 2630; x_wconf 74' lang='grc' dir='ltr'><em>σήμε-</em></span> 
     </span>
    </p>
   </div>
   <div class='ocr_carea' id='block_1_8' title="bbox 367 2649 1638 2702">
    <p class='ocr_par' dir='ltr' id='par_1_8' title="bbox 367 2649 1638 2702">
     <span class='ocr_line' id='line_1_19' title="bbox 367 2649 1638 2702; baseline -0.002 -12"><span class='ocrx_word' id='word_1_113' title='bbox 367 2669 433 2701; x_wconf 78' lang='grc' dir='ltr'>ρον</span> <span class='ocrx_word' id='word_1_114' title='bbox 456 2653 507 2701; x_wconf 72' lang='grc' dir='ltr'><em>τῷ</em></span> <span class='ocrx_word' id='word_1_115' title='bbox 529 2656 634 2700; x_wconf 65' lang='grc' dir='ltr'><em>πρωῒ*</em></span> <span class='ocrx_word' id='word_1_116' title='bbox 648 2653 692 2692; x_wconf 74' lang='grc' dir='ltr'>τέ</span> <span class='ocrx_word' id='word_1_117' title='bbox 714 2654 797 2702; x_wconf 67' lang='lat' dir='ltr'>My&amp;</span> <span class='ocrx_word' id='word_1_118' title='bbox 819 2661 901 2702; x_wconf 81' lang='grc' dir='ltr'><em>περὶ</em></span> <span class='ocrx_word' id='word_1_119' title='bbox 923 2652 986 2701; x_wconf 75' lang='grc' dir='ltr'>τῆς</span> <span class='ocrx_word' id='word_1_120' title='bbox 1008 2653 1182 2700; x_wconf 58' lang='lat' dir='ltr'>navantis</span> <span class='ocrx_word' id='word_1_121' title='bbox 1205 2651 1354 2691; x_wconf 50' lang='grc' dir='ltr'>Ἰωάνην</span> <span class='ocrx_word' id='word_1_122' title='bbox 1379 2650 1426 2689; x_wconf 73' lang='grc' dir='ltr'>εἷς</span> <span class='ocrx_word' id='word_1_123' title='bbox 1448 2650 1513 2688; x_wconf 80' lang='grc' dir='ltr'>τόν</span> <span class='ocrx_word' id='word_1_124' title='bbox 1537 2649 1638 2698; x_wconf 77' lang='grc' dir='ltr'><em>ᾅδην.</em></span> 
     </span>
    </p>
   </div>
   <div class='ocr_carea' id='block_1_9' title="bbox 1755 0 1773 3032">
    <p class='ocr_par' dir='ltr' id='par_1_9' title="bbox 1755 0 1773 3032">
     <span class='ocr_line' id='line_1_20' title="bbox 1755 0 1773 3032; baseline 0 0"><span class='ocrx_word' id='word_1_125' title='bbox 1755 0 1773 3032; x_wconf 95' lang='lat' dir='ltr'> </span> 
     </span>
    </p>
   </div>
  </div>
 </body>
</html>
