1773 3032
740 72 1081 121 ·--140——

193 192 455 246 Christianis,
470 192 712 250 ubicunque
740 195 928 251 gentium
956 204 1000 235 et
1028 203 1241 237 terrarum
1271 195 1509 237 viventibus
1538 198 1648 249 (sive

194 279 246 306 ex
276 267 468 318 Judaeis,
497 267 586 308 sive
616 281 669 307 ex
701 268 937 307 Gentilibus
966 267 1009 307 in
1039 284 1162 309 unam
1192 269 1411 310 ecclesiam
1439 269 1650 324 conflatis)

194 347 238 378 et
270 340 507 381 crucicolis.
565 341 632 380 Ad
661 340 738 381 hos
767 340 914 380 fideles
946 340 1068 380 simul
1113 349 1157 381 et
1185 341 1375 383 infideles
1415 356 1652 382 accommo-

193 411 261 452 dat
297 414 452 454 Noster
500 415 619 454 locos
660 428 712 454 ex
757 414 887 453 Iesaia
926 422 969 454 et
999 427 1051 452 ex
1089 415 1330 467 Evangeliis
1369 415 1527 455 allatos.
1585 415 1651 453 Ex

191 498 312 524 more
341 487 472 540 igitur
500 486 911 536 accommodationis,
943 500 1027 526 non
1062 500 1114 526 ex
1143 486 1237 540 lege
1267 486 1652 540 interpretationis,

191 556 252 595 illi
283 558 367 598 loci
399 572 451 597 ex
479 560 694 609 memoria,
723 568 770 599 ut
800 559 993 611 videtur,
1022 559 1150 611 citati,
1181 568 1277 600 sunt
1304 559 1614 600 considerandi.

303 632 370 684 ιο)
400 631 447 671 Ρ.
487 644 528 687 9.
571 625 778 677 Mamas
820 631 962 674 ποιῶν
1004 624 1137 678 afflg-
1175 655 1229 663 —-
1268 626 1362 673 ἀλλ’
1399 631 1652 688 ἐμαίνοντο.

188 702 440 757 Respiciunt
466 704 572 745 haec
602 706 653 745 ad
680 705 775 744 illos
804 704 922 744 locos
963 705 1013 745 N.
1044 707 1093 744 T.
1122 704 1196 744 ubi
1223 713 1432 757 narratur,
1465 707 1650 746 Judaeos

188 775 332 816 Jesum
392 777 625 817 declarasse
662 777 875 817 hominem
911 777 1209 828 insanientem,
1239 785 1286 816 ut
1314 779 1461 818 Joann.
1492 779 1544 817 X.
1574 790 1653 818 20:

185 849 338 905 ἔλεγον
370 848 418 891 δέ
445 849 602 893 πολλοὶ
629 852 672 899 ἐξ
702 849 862 893 αὐτῶν·
879 845 1131 906 Δαιμόνιον
1159 849 1345 907 ἔχει,καὶ
1363 851 1650 906 μιαίνεταις

186 922 255 961 vel
294 923 420 963 Marc.
464 925 532 964 ΙΙΙ.
571 936 644 963 21:
689 923 881 978 ἐξῆλθον
915 923 1128 979 κρατῆσαι
1168 916 1326 965 αὐτόν·
1367 923 1522 979 ἔλεγον
1563 918 1649 980 γοίρ

186 990 274 1037 ὅτι
323 993 534 1052 ἐξέστη.
613 997 776 1036 Eadem
805 1011 936 1044 ‘nunc
984 996 1226 1048 sententia,
1277 1005 1321 1036 et
1361 997 1516 1050 majori
1558 997 1651 1051 qui-

186 1068 282 1109 dem
319 1070 440 1124 jure,
480 1070 534 1110 de
576 1070 746 1110 Judaeis
788 1069 1089 1110 insanientibus
1119 1077 1163 1109 et
1198 1084 1221 1110 a
1250 1069 1434 1110 Diabolo
1465 1069 1648 1110 obsessis

186 1145 503 1196 pronuntiatur.

300 1218 366 1271 ιι)
396 1219 446 1258 Ρ.
492 1232 554 1260 10.
593 1209 850 1273 Ἀπέστη
890 1215 916 1259 0‘
957 1210 1235 1273 διάβολος
1285 1211 1400 1260 α’πό
1452 1233 1513 1259 σε
1565 1224 1647 1258 etc.

185 1288 504 1343 Compar-andus
546 1299 610 1331 est
646 1290 765 1330 locus
807 1289 940 1330 Matth
978 1291 1048 1332 IV.
1095 1304 1165 1330 11:
1203 1286 1319 1333 Τότε
1349 1289 1534 1346 α’φίηστν
1565 1289 1651 1332 ccv'-

185 1358 269 1403 τόν
299 1357 323 1404 0‘
353 1356 591 1418 διάβολος,
621 1363 693 1406 καὶ
725 1358 821 1416 ἰδὲ,
852 1350 1028 1420 ἄγγελοι
1064 1363 1357 1418 προσῆλθον,
1387 1362 1461 1404 καὶ
1493 1357 1648 1418 διηκό-

184 1447 269 1476 ’νθν
308 1435 440 1493 αὐτῷ.
506 1439 692 1492 Propius
734 1438 871 1478 adhuc
907 1437 1071 1477 accedit
1111 1438 1153 1476 in
1192 1439 1426 1478 sententiae
1468 1446 1512 1478 et
1549 1451 1646 1479 Ver-

186 1507 342 1548 borum
374 1509 670 1550 conformitate
698 1511 816 1550 locus
845 1512 926 1563 Ep.
957 1509 1103 1551 Jacob.
1132 1511 1204 1553 IV.
1234 1526 1273 1563 7.
1306 1513 1354 1552 8:
1382 1503 1647 1566 Ἀντίστητε

185 1581 247 1637 τῷ
287 1576 492 1639 διαβόλῳ,
532 1581 607 1625 καὶ
646 1577 856 1639 φεύξεται
896 1583 974 1640 a'cp'
1000 1578 1145 1638 ὑμῶν·
1174 1578 1406 1640 Ἐγγίσατε
1438 1587 1499 1641 τῷ
1529 1583 1645 1641 Θεῷ,

186 1653 258 1695 καὶ
289 1655 423 1712 ἐγγιεῐ
450 1651 575 1712 ὑμῖν.
635 1657 733 1711 Ipso
767 1656 901 1697 verbo
943 1650 1161 1711 α’φίστημι
1206 1657 1340 1697 utitur
1371 1659 1452 1711 Ap.
1490 1657 1646 1697 Paulus

187 1739 210 1766 2
244 1726 344 1767 Cor.
389 1730 480 1768 XII.
510 1732 549 1770 8.
580 1729 733 1769 eodem
763 1742 908 1768 sensu:
939 1728 1032 1784 τρὶς
1064 1723 1143 1770 τόν
1173 1721 1324 1785 κύριον
1342 1723 1641 1787 παρεκάλεσα,

188 1804 284 1844 ἵνα
317 1794 539 1857 α’ποστῇ
579 1797 783 1858 (ἄγγελος
828 1801 1014 1852 Σατοῖν,
1062 1816 1101 1842 v.
1130 1802 1190 1854 7.)
1235 1800 1318 1844 ἀπ’
1357 1803 1470 1856 ἐμὲ.
1525 1803 1645 1842 Bene

190 1884 331 1915 autem
380 1858 582 1925 docetur,
636 1875 865 1914 Diabolum
904 1874 947 1913 in
990 1875 1248 1914 Christianos
1287 1874 1433 1914 fideles
1465 1888 1511 1914 ac
1548 1875 1644 1928 pios

190 1957 447 2002 potestatem
485 1948 644 1988 habere
682 1948 856 1999 nullam,
898 1949 955 1988 ita
996 1956 1042 1987 ut
1085 1948 1146 1987 illi
1192 1948 1303 1988 hunc
1341 1949 1508 1988 hostem
1547 1959 1646 1986 con-

191 2030 384 2064 temnere
414 2034 457 2064 ct
489 2025 630 2063 ridere
660 2024 838 2077 possint.
878 2025 971 2062 Non
1002 2022 1081 2062 nisi
1109 2025 1156 2064 ἐν
1183 2023 1295 2070 υἱοῖς
1331 2022 1410 2078 τῆς
1439 2016 1645 2069 ἀπιστίας

192 2111 285 2137 rem
313 2111 428 2136 suam
457 2106 499 2137 et
527 2097 697 2151 negotia
725 2095 865 2136 habet.

307 2172 373 2223 12)
409 2164 599 2224 Θρόνε
631 2170 997 2213 (innovamus.
1027 2170 1258 2210 Promissio
1281 2186 1302 2210 a
1330 2169 1500 2211 Christo
1530 2169 1646 2223 Apo-

193 2243 310 2283 stolis
342 2244 448 2284 facta
482 2254 599 2294 erat,
647 2253 756 2285 teste
806 2246 908 2284 Luc.
939 2246 1071 2283 XXII.
1101 2245 1152 2285 30
1181 2252 1224 2283 et
1253 2243 1393 2284 Matth.
1427 2244 1539 2282 XIX.
1570 2243 1644 2281 28:

198 2318 345 2362 Ὅταν
375 2316 538 2375 καθίσῃ
568 2317 593 2360 0‘
619 2312 714 2366 υἱός
743 2319 796 2360 τὲ
826 2311 1045 2373 α’νθροίπε
1072 2317 1143 2359 ἐπὶ
1171 2309 1315 2370 θρόν8
1356 2309 1482 2371 δόξης
1521 2308 1646 2362 αὖτέ,

195 2391 442 2434 mosomo&
472 2390 544 2432 καὶ
577 2385 710 2447 ’ὑμεῖς
748 2390 819 2434 ἐπὶ
860 2385 1028 2434 δώδεκα
1064 2385 1260 2448 θρόνες,
1303 2387 1526 2445 κρίνοντες
1565 2385 1646 2433 ’τοὶς

195 2460 362 2507 δώδεκα
404 2460 545 2520 φὐλιὲς
583 2466 636 2507 τὲ
673 2459 851 2521 Ἰσραήλ,
894 2481 1021 2522 quem
1061 2466 1202 2505 locum
1231 2464 1322 2518 ipse
1351 2464 1509 2504 Noster
1538 2468 1643 2500 orat.

195 2540 245 2579 11.
290 2554 330 2592 p.
375 2552 433 2577 ιε.
470 2539 633 2593 allegat.
703 2539 809 2580 Cum
860 2552 946 2595 quo
996 2536 1322 2593 comparandum
1370 2542 1436 2575 est
1487 2533 1646 2573 dictum
