1867 3053
951 126 1218 171 -52-

363 251 493 301 simo,
533 250 605 304 qui
645 262 724 302 pro
763 261 839 287 suo
888 247 929 285 in
967 245 1222 286 mefavore
1264 246 1517 287 revisionem
1555 253 1600 286 et
1635 258 1806 288 examen

361 322 608 378 apographi,
647 329 866 375 antequam
902 318 1011 372 typis
1055 318 1349 369 excuderetur,
1391 316 1432 361 in
1472 332 1516 358 se
1547 325 1803 372 susceperat.

363 394 630 450 Conjunctim
661 391 993 441 emendavimus,
1023 404 1128 446 quae
1166 391 1364 430 mendosa
1401 390 1677 441 videbantur,
1715 406 1807 445 pas-

363 468 440 510 sim
495 466 751 521 eonjeeturis
802 462 904 502 locis
949 462 1220 504 vexatissimis
1263 476 1512 502 succurrere
1563 457 1808 513 studuimus,
1857 490 1862 493 -

359 540 523 595 reliqua
573 547 710 577 antem
754 538 809 576 ita
839 535 1025 576 dedimus
1048 565 1059 586 ,
1101 541 1149 573 ut
1187 533 1306 574 nobis
1355 533 1503 574 tradita
1541 543 1672 578 erant.
1738 535 1808 576 Sic

360 612 496 667 prima
524 610 710 650 laudatae
741 607 940 648 orationis
969 606 1231 648 Eusebianae
1262 606 1393 645 editio
1425 613 1568 645 nostra
1607 615 1700 647 ante
1730 604 1808 646 hos

362 693 460 724 octo
490 696 616 722 annos
647 680 830 735 prodiit,
857 694 999 719 manca
1027 679 1221 733 quidem,
1253 686 1300 717 ut
1327 691 1436 717 nunc
1464 677 1638 730 scimus,
1684 687 1809 732 atque

362 754 635 810 imperfecta,
664 754 739 793 scd
767 766 815 792 ea
843 762 1006 804 tamen,
1036 764 1141 807 quae
1172 748 1365 791 subsidiis
1404 748 1562 789 nostris
1603 749 1811 804 qualibus-

363 840 527 883 cunque
556 826 852 881 responderet.

469 969 587 1009 Tulit
614 966 718 1009 haec
747 982 916 1023 quoque
945 965 1241 1024 qualiscunque
1271 967 1403 1010 editio
1433 969 1526 1013 VV.
1563 968 1660 1008 DD.
1697 967 1812 1022 plau*

362 1055 477 1092 sum,
507 1040 762 1095 fueruntque
791 1040 901 1080 haud
928 1041 1071 1094 pauci,
1102 1041 1174 1096 qui
1201 1040 1371 1095 publice
1402 1049 1445 1080 et
1473 1039 1672 1095 privatim
1712 1053 1811 1078 con·-

361 1113 636 1154 tinuationem
664 1113 787 1167 hujus
818 1113 963 1166 operis
992 1120 1211 1166 optarent,
1254 1126 1406 1168 meque
1445 1121 1517 1164 ut,
1562 1112 1676 1167 quod
1711 1122 1812 1165 pro·

361 1185 579 1235 miseram,
619 1185 792 1224 alteram
829 1184 1003 1224 Eusebii
1043 1184 1275 1225 orationem
1314 1185 1365 1224 de
1403 1178 1588 1227 ’Ima'wa
1617 1180 1810 1240 παρθσίᾳ

362 1258 410 1299 ἓν
440 1256 500 1313 τῷ
528 1252 624 1312 ᾅδει
652 1255 903 1310 propediem
931 1255 974 1294 in
1001 1255 1138 1296 lucem
1166 1257 1427 1309 emitterem,
1453 1256 1686 1298 honorifice
1714 1256 1814 1294 hor-

362 1338 567 1370 tarentur.
623 1329 714 1368 Jam
740 1340 868 1379 vero,
899 1341 991 1368 cum
1034 1328 1076 1366 in
1106 1342 1157 1368 eo
1199 1341 1363 1379 essem,
1405 1337 1452 1368 ut
1490 1329 1554 1368 his
1590 1327 1813 1368 desideriis

362 1400 668 1451 satisfacerem,
699 1400 896 1454 singulari
925 1399 1218 1440 benevolentia
1245 1399 1580 1441 Duumvirorum
1618 1400 1814 1454 egregio-

362 1489 478 1524 rum,
526 1473 596 1528 qui
640 1485 748 1511 nnnc
792 1471 923 1524 copiis
966 1470 1206 1521 litterariis,
1251 1471 1403 1526 quibus
1444 1481 1629 1526 praestat
1666 1471 1815 1523 inclyta

361 1546 626 1585 Bibliotheca
654 1542 1016 1591 Vindobonensis,
1047 1550 1272 1594 praesunt,
1305 1543 1410 1584 Gen.
1441 1552 1485 1583 et
1515 1544 1604 1583 Cel.
1643 1543 1693 1583 de
1722 1543 1815 1585 Κο-

360 1620 482 1674 picczr·
511 1625 554 1658 et
583 1616 688 1656 Gen.
718 1616 807 1654 Jos.
847 1615 897 1652 (le
927 1614 1182 1665 Ez'clzerffeld
1209 1612 1363 1653 factum
1391 1623 1477 1665 cst,
1507 1615 1620 1669 quod
1662 1615 1729 1655 vix
1768 1628 1815 1654 ac

363 1705 416 1731 ne
445 1691 515 1731 vix
544 1688 711 1744 quidem
743 1699 916 1740 sperare
946 1686 987 1725 in
1017 1686 1092 1725 liae
1121 1699 1242 1725 causa
1269 1695 1475 1740 poteram.
1504 1687 1561 1726 Hi
1591 1687 1701 1726 enim
1729 1700 1813 1726 non

363 1765 519 1813 solum,
550 1760 665 1815 quod
694 1758 1053 1808 desideraveram,
1095 1758 1329 1797 orationem
1363 1759 1413 1797 dc
1458 1759 1617 1798 Joanne
1659 1771 1815 1798 summa

365 1849 457 1875 eum
487 1833 568 1873 fide
599 1846 621 1872 e
652 1831 797 1871 codiee
835 1830 1087 1884 descriptam
1125 1838 1168 1869 et
1206 1830 1413 1870 nonnullis
1452 1830 1815 1871 observationibus

365 1906 521 1946 criticis
551 1905 794 1943 illustratam
826 1902 1032 1942 benevole
1062 1902 1163 1941 mihi
1210 1902 1557 1953 tranmniserunt‚
1587 1903 1660 1941 sed
1691 1901 1815 1942 ctiam

366 1978 600 2018 orationem
630 1976 670 2014 in
701 1988 862 2013 sacrum
891 1975 1145 2014 parasceves
1176 1974 1286 2013 diem
1328 1974 1464 2012 denuo
1504 1974 1553 2013 ad
1581 1973 1706 2013 fidem
1747 1986 1817 2014 oo-

366 2050 467 2090 dicis
521 2048 828 2088 accuratissime
873 2046 1158 2086 examinarunt
1201 2053 1243 2084 et
1283 2045 1514 2098 integritati
1553 2058 1652 2084 suae
1691 2045 1838 2092 resti-—

364 2128 550 2161 tuerunt.
631 2119 719 2158 Cel.
771 2120 958 2173 Kopitar
1007 2117 1138 2172 igitur
1180 2117 1372 2157 secundis
1415 2117 1526 2157 curis
1566 2124 1816 2157 retractatae

365 2201 489 2247 atque
520 2191 795 2230 emendatiori
825 2189 999 2230 editioni
1028 2203 1136 2229 nunc
1163 2202 1212 2228 rc
1241 2203 1342 2230 vcra
1372 2189 1598 2243 praestitit,
1633 2189 1745 2243 quod
1774 2189 1818 2227 in

363 2263 501 2318 priori
537 2263 631 2302 ‘non
671 2276 773 2303 vere
815 2263 854 2301 ci
895 2261 1172 2301 tribuebatur.
1240 2260 1483 2300 Doctissimi
1523 2260 1818 2312 Eichenfeldii

366 2352 466 2378 cura
495 2343 598 2375 adeo
631 2336 784 2374 sactum
816 2345 872 2374 es!
898 2366 907 2382 ,
938 2345 984 2374 ut
1013 2335 1114 2373 mihi
1153 2334 1483 2373 accuratissiinae
1524 2333 1679 2372 codicis
1720 2348 1815 2373 mss.
1860 2377 1862 2379 ‚

366 2412 514 2466 copiae
555 2407 767 2460 specimen
808 2408 942 2461 (quod
981 2407 1105 2460 Angli
1146 2409 1237 2446 Fae
1261 2431 1282 2436 -
1309 2407 1446 2444 simile
1476 2404 1617 2443 dicere
1658 2404 1815 2458 solent)

364 2483 748 2530 transmitteretur,
780 2494 862 2534 quo
894 2481 945 2519 (le
986 2479 1256 2533 manuscripti
1297 2477 1454 2518 codicis
1482 2476 1621 2516 indole
1652 2484 1696 2516 et
1725 2475 1818 2515 cha-

366 2566 533 2597 ractere
562 2554 709 2594 melius
738 2561 884 2607 posset
912 2551 1100 2606 judicari.
