1867 3053
919 175 1184 222 ...46-

322 297 457 337 disum
498 305 596 350 post
643 295 721 335 alia
763 309 783 334 a
821 295 917 334 Deo
957 293 1171 338 conditum
1210 300 1334 347 atque
1366 292 1595 345 plumatum
1625 290 1770 330 fuisse.

322 363 426 403 Ctun
456 361 567 402 enim
596 363 759 414 Moyses
799 360 994 400 dixisset:
1029 367 1066 398 et
1091 358 1315 412 plantavit
1349 358 1466 397 Deus
1504 357 1772 397 Paradisum

325 438 361 468 et
388 429 535 482 posuit
566 429 612 467 in,
643 443 689 467 eo
722 428 959 475 hominem,
991 439 1113 479 quem
1135 425 1391 477 formavit,
1439 426 1637 463 continuo
1679 424 1774 464 sub-

322 496 482 550 junxit:
527 504 564 533 et
599 494 815 546 produxit
856 495 971 532 Deus
1007 493 1148 531 adhuc
1188 492 1239 531 de
1280 501 1400 531 terra
1446 504 1566 531 omne
1610 490 1775 543 lignum

318 562 515 614 pulcrum
552 560 680 608 visu,
726 567 769 598 et
808 568 964 599 cetera.
1032 556 1180 597 Adhuc
1219 557 1353 606 enim,
1396 557 1484 597 sive
1527 564 1774 610 praeterea,

323 625 529 678 significat
556 625 717 678 plantas
746 624 935 663 Paradisi
978 624 1162 664 consitas
1202 632 1300 677 post
1341 636 1415 673 ea,
1456 635 1561 677 quae
1603 621 1777 662 simula

321 691 532 746 principio
564 690 785 730 creationis
818 690 923 729 facta
953 688 1131 729 fuerant.

429 746 574 785 Idem.-
602 745 740 783 Aliter
769 744 890 783 Eden
919 745 1059 783 locum
1090 757 1181 783 esse
1212 744 1341 797 ajunt,
1370 744 1422 801 in*
1443 757 1525 798 quo
1556 742 1778 782 Paradisus

324 812 509 851 consitus
555 813 609 851 sit
638 819 761 865 atque
790 810 1025 863 plantatus,
1056 823 1236 864 eumque
1268 810 1312 848 in
1340 809 1480 848 medio
1522 808 1665 848 mundi
1702 820 1780 861 po-

324 877 449 916 situm
479 890 584 916 esse.

388 990 394 993 ,
430 942 502 980 III.
533 942 622 981 Cat.
642 956 684 994 p·
717 941 804 981 118.
827 954 957 993 super
981 940 1133 979 Genes.
1148 940 1218 983 IV.
1233 939 1781 984 262EusebiusEmesenus.

323 1007 370 1044 In
398 1005 596 1046 Hebraeo
638 1005 819 1058 legitur:
860 1007 946 1045 Hic
987 1006 1183 1059 speravit
1221 1006 1430 1045 invocari
1474 1006 1648 1045 nomine
1685 1005 1783 1043 Do-

325 1073 459 1120 mini,
499 1072 581 1111 hoc
623 1081 709 1121 est,
739 1072 855 1110 Deus
894 1070 1001 1120 dici,
1034 1079 1076 1110 et
1118 1071 1226 1110 filius
1256 1071 1351 1109 Dei.
1410 1071 1513 1110 Iusti
1543 1069 1679 1120 enim,
1711 1067 1784 1122 qui

326 1146 445 1177 erant
473 1152 495 1177 a
523 1137 680 1176 semine
711 1137 840 1187 Seth,
870 1135 945 1174 filii
972 1136 1056 1175 Dei
1085 1136 1358 1177 vocabantur.

435 1205 507 1247 IV.
568 1203 653 1242 Cat.
683 1218 724 1256 p.
755 1206 847 1248 424.
874 1202 951 1241 col.
982 1201 1024 1241 b.
1056 1215 1186 1254 super
1217 1202 1369 1242 Genes.
1400 1203 1552 1254 XLIX,
1591 1202 1665 1243 16:
1697 1202 1785 1241 Eu-

329 1269 468 1309 sebius
496 1270 733 1309 Emesenzcs.
789 1269 892 1307 Dan
912 1267 1135 1320 judicabit
1165 1277 1247 1307 etc.
1303 1270 1399 1308 Hoc
1428 1282 1534 1322 ergo
1567 1268 1619 1307 ad
1642 1267 1788 1320 Samp-

329 1348 476 1374 sonem
504 1333 706 1385 refertur,
737 1333 808 1388 qui
840 1333 897 1372 ita
925 1332 1047 1372 facile
1080 1332 1303 1373 duodecim
1336 1333 1549 1385 tribubus,
1580 1333 1689 1372 sieut
1714 1332 1788 1371 uni

327 1399 526 1454 praefuit.
586 1402 692 1440 Fiat
725 1401 809 1454 ipsi
839 1402 942 1439 Dan
988 1414 1160 1451 serpens
1189 1407 1269 1438 etc.
1306 1398 1352 1437 id
1392 1407 1480 1451 est,
1522 1398 1789 1453 quemadmo-

331 1465 428 1503 dum
459 1465 651 1504 calcaneo
683 1467 782 1518 equi
815 1479 836 1503 a
866 1472 1064 1517 serpente
1095 1465 1136 1503 in
1168 1464 1234 1504 via
1282 1478 1450 1514 morso,
1492 1477 1666 1503 necesse
1711 1471 1788 1513 est,

331 1539 378 1570 ut
407 1531 630 1571 adscensor
660 1539 777 1569 retro
810 1530 951 1579 cadat,
999 1530 1235 1584 nullamque
1266 1543 1385 1581 spem
1413 1530 1492 1568 nisi
1522 1530 1563 1568 in
1591 1530 1675 1567 Dei
1705 1542 1788 1581 ope

332 1605 457 1651 atque
497 1596 648 1635 auxilio
688 1595 869 1646 habeat,
923 1595 1070 1634 eadem
1127 1594 1291 1634 ratione
1335 1595 1539 1648 Sampson
1579 1609 1601 1634 a
1639 1595 1790 1634 Dalida

334 1662 465 1714 [juxta
492 1669 654 1700 textum
683 1661 804 1701 hebr.
833 1661 1015 1708 Delilah]
1048 1668 1243 1713 tanquam
1274 1668 1471 1713 serpente
1502 1674 1666 1700 morsus
1696 1673 1793 1699 cor·

335 1727 449 1777 ruit,
490 1737 614 1782 atque
645 1742 725 1767 una
765 1741 859 1766 eum
900 1740 952 1766 eo
992 1725 1176 1780 populus
1214 1726 1367 1776 Israel,
1404 1725 1477 1780 qui
1508 1740 1531 1765 a
1561 1725 1793 1779 Sampsone

341 1793 469 1834 veluti
500 1807 632 1848 equus
672 1793 915 1843 ferebatur,
960 1791 1094 1831 donec
1134 1791 1289 1830 iterum
1331 1792 1469 1833 divina
1503 1792 1659 1832 virtute
1701 1805 1795 1830 cor-

340 1858 592 1911 roboratus,
620 1859 827 1900 ultionem
855 1859 907 1898 de
936 1857 1181 1897 Philistenis
1210 1857 1304 1910 jure
1333 1872 1379 1898 ac
1410 1858 1565 1900 merito
1606 1858 1792 1912 sumpsit.

1040 2110 1112 2162 II.

506 2244 801 2320 Excerpta
845 2263 915 2297 ex
974 2245 1189 2297 Catenae
1233 2243 1295 2297 in
1353 2243 1632 2298 Psalmos.

402 2374 433 2414 I.
463 2373 552 2413 Cat.
582 2375 631 2413 T.
660 2374 731 2413 ΙΙΙ.
758 2389 802 2428 p.
833 2373 909 2414 223
938 2387 1055 2429 seqq.
1084 2375 1223 2429 Super
1252 2376 1321 2415 Ps.
1352 2376 1458 2415 CIX.
1490 2375 1749 2429 [al.CVIII.].

458 2496 478 2516 3
688 2496 703 2515 V

351 2501 477 2567 Ev
494 2507 653 2587 (56ss
670 2522 692 2564 b
710 2521 769 2567 8.
827 2523 1052 2584 Συνῆθως
1081 2524 1133 2572 τό
1163 2532 1211 2572 ἐν
1237 2525 1348 2586 τέ’τῳ
1389 2530 1592 2587 (ψαλμῷ)
1622 2528 1722 2572 dm}
1752 2529 1806 2570 τὲ

353 2599 430 2643 εἰς
469 2595 629 2643 τέλος
659 2593 685 2638 o‘
722 2595 828 2649 μὲν
859 2589 1102 2642 Ἀκύλας
1143 2598 1214 2651 τῷ
1251 2599 1528 2652 νικοποιςῖ
1557 2594 1803 2637 ἐκδέδωκεν.
