1773 3032
839 179 1136 224 —128—

255 304 387 354 cavi,
417 302 555 356 ipsum
583 299 760 340 audite!
786 301 843 340 Et
881 313 992 340 nunc
1030 298 1276 355 praeviante
1313 313 1382 342 me
1419 309 1515 343 ante
1553 302 1705 346 facicm

253 380 370 432 ejus⁷
400 373 597 415 descendi
627 373 872 413 annuntiare
919 372 1065 425 vobis,
1101 373 1199 429 quia
1225 373 1269 413 in
1296 374 1492 428 proximo
1524 375 1708 418 visitabit

255 449 402 498 [malet
437 447 640 504 visitavit]
670 461 747 487 nos
777 448 868 500 ipse
908 445 1018 486 filius
1063 446 1191 501 [ejus]
1228 447 1313 487 Dei
1351 448 1494 489 oriens
1533 463 1586 490 ex
1623 451 1706 492 alto

252 524 426 567 veniens
455 524 506 563 ad
536 537 611 562 nos
642 522 838 563 sedentes
867 520 910 559 in
938 519 1129 560 'tenebris
1161 529 1204 560 et
1231 521 1274 561 in
1302 521 1450 562 umbra
1477 524 1670 564 mortis.“

358 599 493 636 Nemo
522 610 607 636 non
634 595 775 646 videt,
815 593 1104 634 oeconomiam
1145 594 1346 633 orationis
1385 604 1578 648 nostrae²
1623 611 1704 652 qua

246 673 429 713 Joannes
458 669 570 724 aput]
598 668 760 708 inferos
791 680 922 721 paeco
956 666 1113 706 Christi
1148 681 1246 706 mox
1279 668 1499 709 adventuri
1526 671 1700 723 sistitur,

252 745 305 786 ad
334 746 441 785 hanc
473 743 750 797 compositam
780 754 871 781 esse
899 741 1197 780 narrationem.
1228 741 1274 780 In
1305 754 1358 781 eo
1388 750 1527 782 tamen
1555 742 1706 784 differt

249 819 364 873 quod
394 817 525 858 omnis
555 816 625 855 ille
657 816 708 855 tle
738 815 911 855 Adamo
944 814 1119 868 ejusque
1156 813 1242 854 filio
1281 816 1413 855 Setho
1456 816 1700 869 (revelatio-

248 905 345 932 nem
373 890 587 930 Michaelis
618 888 873 943 Archangeli
901 887 1114 940 tradente)
1139 882 1294 943 ,ιιύθ-ος
1309 890 1352 928 in
1375 902 1411 929 c.
1435 890 1544 930 XIX.
1570 905 1700 946 expo-

247 966 375 1015 situs,
406 979 427 1003 a
457 964 614 1003 Nostro
645 963 699 1002 sit
728 961 918 1002 omissus.
961 961 1027 1000 An
1054 974 1158 1002 vero
1191 975 1243 1001 ex
1272 963 1462 1008 consulto
1493 966 1697 1018 omiserit,

249 1053 300 1078 an
332 1039 375 1077 in
405 1037 543 1089 libro,
573 1050 698 1091 quem
731 1044 899 1075 secutus
932 1043 1021 1085 est,
1050 1049 1134 1075 non
1176 1035 1409 1088 invenerit,
1437 1037 1494 1077 ita
1520 1047 1568 1078 ut
1606 1053 1698 1077 nar-

243 1112 353 1153 ratio
383 1111 452 1150 illa
481 1110 533 1149 cle
561 1110 722 1149 Adamo
763 1122 870 1148 saec.
906 1109 956 1152 V.
988 1108 1041 1148 sit
1069 1107 1230 1162 adjecta
1257 1109 1319 1162 ³¹²),
1349 1109 1400 1149 de
1424 1110 1584 1164 liquido
1614 1124 1698 1150 non

249 1192 409 1226 constat
450 1192 493 1223 et
530 1182 573 1221 in
608 1191 830 1237 utramque
872 1189 1038 1235 partem
1074 1180 1126 1220 de
1165 1181 1243 1221 hac
1276 1196 1325 1222 re
1367 1191 1514 1237 posset
1555 1183 1696 1236 dispu-

243 1256 338 1297 tari.
394 1258 498 1296 Nam
528 1256 701 1296 traditio
730 1255 782 1294 de
821 1253 968 1293 Adami
997 1252 1249 1293 liberatione
1291 1268 1343 1295 ex
1381 1255 1574 1306 inferno,
1617 1268 1698 1308 per

243 1330 459 1374 Christum
488 1329 635 1369 mortis
668 1335 711 1368 et
737 1326 908 1368 Diaboli
935 1326 1168 1379 victorem,
1198 1327 1296 1367 satis
1324 1336 1425 1370 nota
1453 1337 1540 1384 est,
1569 1337 1616 1369 ut
1643 1341 1696 1367 ex

308 1556 349 1601 ⁴³)
373 1557 415 1591 In
441 1555 608 1590 editione
635 1556 751 1590 latina
778 1568 806 1590 c.
833 1557 944 1590 XXII.
968 1558 1147 1603 leguntur
1171 1559 1301 1593 verba:
1327 1560 1454 1602 „Quis
1479 1571 1515 1595 es
1540 1567 1599 1599 tn,
1628 1559 1693 1604 qui

374 1624 482 1663 illos,
512 1624 578 1668 qui
602 1623 793 1666 originali
814 1631 968 1667 peccato
998 1622 1177 1657 adstricti
1199 1632 1397 1664 tenentur,
1433 1624 1599 1656 absolvis
1632 1635 1695 1656 ca-

376 1689 504 1734 ptivos
539 1696 574 1721 et
609 1688 648 1719 in
675 1687 887 1720 libertatem
912 1689 1113 1733 pristinam
1154 1688 1377 1721 revocas?“
1424 1688 1570 1721 Desunt
1602 1687 1695 1720 hace

372 1753 413 1786 in
446 1758 552 1786 textu
590 1752 757 1794 Graeco3
795 1757 834 1784 et
870 1752 942 1794 jam
979 1754 1017 1784 G.
1052 1753 1090 1784 L.
1126 1753 1321 1785 Brnnm'us
1355 1752 1573 1797 (Disquisit.
1607 1751 1693 1784 hist.

373 1819 454 1852 crit.
493 1817 539 1850 de
580 1818 713 1861 Evang.
758 1816 891 1858 Nicoch
929 1829 963 1862 p.
999 1816 1042 1851 75
1072 1836 1116 1842 —-
1143 1816 1237 1861 76),
1272 1818 1332 1850 cui
1369 1823 1494 1850 textus
1530 1817 1692 1851 Graecus

370 1883 534 1916 noudum
568 1887 646 1915 erat
671 1887 801 1922 notus,
830 1881 995 1924 judicat,
1022 1881 1121 1916 hunc
1146 1882 1269 1915 locum
1295 1893 1314 1914 a
1341 1882 1479 1915 Latinis
1507 1892 1584 1914 csse
1610 1893 1692 1914 cor-

370 1954 542 1993 ruptum,
569 1959 651 1980 cum
679 1946 848 1978 doctriua
875 1945 920 1978 ‹le
947 1952 1104 1990 peccato
1133 1947 1305 1991 originali
1330 1951 1417 1978 ante
1443 1946 1690 1989 Augustinum

372 2012 540 2045 nondum
566 2012 679 2044 fuerit
703 2010 940 2051 introducta,
967 2015 1006 2043 ct
1033 2022 1053 2043 a
1088 2010 1234 2043 Graecis
1265 2022 1340 2043 uon
1367 2015 1526 2055 recepta.
1577 2009 1689 2056 Quod

375 2076 527 2122 quidem
554 2075 599 2109 de
625 2076 786 2109 termino
812 2074 984 2108 technico
1011 2080 1049 2108 ct
1078 2075 1270 2108 doctrinae
1295 2075 1410 2108 forma
1429 2074 1583 2108 concedi
1604 2080 1690 2119 pot-

368 2145 447 2182 est,
473 2142 691 2187 neutiquam
717 2145 843 2173 tamen
873 2139 918 2172 de
944 2141 1110 2173 materia.
1136 2139 1227 2173 Nam
1256 2140 1286 2174 si
1312 2140 1349 2172 in
1375 2150 1534 2184 persona
1559 2139 1689 2172 Adami
1738 2175 1743 2181 ,

372 2205 569 2250 captivitas
595 2205 696 2250 apud
721 2205 859 2238 inferos
886 2216 951 2250 pro
980 2207 1111 2238 effectu
1142 2205 1287 2249 peccati
1310 2202 1506 2238 Adaniitici
1540 2209 1598 2237 cst
1621 2203 1689 2236 ha-

370 2269 516 2311 banda,
542 2275 584 2303 ut
614 2269 707 2303 dicit
733 2270 949 2308 Brunnz'us,
979 2269 1071 2314 quid
1100 2270 1138 2302 in
1164 2269 1360 2314 Prophetis
1386 2274 1424 2302 et
1450 2269 1593 2303 Sanctis
1618 2269 1687 2303 ista

371 2336 566 2380 captivitas
593 2333 697 2367 aliud
724 2335 818 2375 crit,
846 2345 953 2379 quam
984 2336 1133 2367 effectus
1162 2334 1330 2378 (ejusdcm
1355 2332 1527 2379 pcccati?
1550 2333 1688 2367 Auctor

363 2398 524 2433 Adamas
549 2399 695 2444 peccati
722 2403 761 2431 ct
785 2399 932 2440 mortis,
961 2410 1055 2444 quae
1082 2409 1101 2430 a
1127 2398 1238 2431 Paulo
1267 2398 1445 2443 Apostolo
1473 2394 1520 2433 τοὶ
1545 2394 1685 2442 ὀψώνια

372 2460 437 2506 ’τῆς
461 2460 636 2508 ἁμαρτίας
661 2465 784 2505 (Rom.
815 2463 877 2495 vl.
903 2461 979 2504 23.)
1006 2462 1159 2495 dicitur:
1186 2473 1312 2495 omnes
1337 2462 1450 2505 igitur
1472 2473 1513 2494 ac
1537 2461 1683 2505 singuli,

371 2528 438 2573 qui
465 2528 692 2570 moriuntur,
718 2539 874 2573 poenam
903 2528 1049 2573 pcccati
1078 2527 1277 2560 Adamitici
1304 2528 1423 2560 luunt.
1481 2527 1548 2559 Res
1575 2528 1687 2573 igitur

363 2603 513 2637 prorsus
543 2592 672 2627 eadem
698 2599 773 2636 est,
802 2604 911 2639 quam
952 2593 1085 2628 Paulus
1112 2594 1212 2628 Rom.
1238 2593 1281 2628 V.
1311 2593 1353 2626 12
1378 2603 1480 2638 seqq.
1514 2592 1684 2638 pluribus

371 2658 534 2704 exponit.
