1773 3032
613 185 909 230 —111—

28 308 242 364 gitantem.
296 304 424 345 Plura
478 305 621 345 insunt
644 334 658 356 ,
709 319 817 360 quae
860 318 958 346 cum
1002 305 1198 346 Homiliis
1244 307 1493 352 Eusebianis

28 395 206 438 prorsus
235 378 515 430 concordant3
549 388 592 419 et
622 379 712 445 ipsa
740 379 926 422 brevitas
946 380 1191 420 testimonio
1219 393 1311 422 esse
1336 392 1496 439 potest,

28 470 157 497 unum
189 454 365 494 alterum
395 466 488 493 esse
519 453 739 492 imitatum.

137 527 221 569 Sed
250 541 396 567 omnes
426 525 519 566 fere
548 528 641 568 VV.
671 528 769 566 DD.
804 527 1005 581 genuinas
1037 542 1129 568 esse
1162 529 1368 569 dubitant.
1406 529 1494 571 Au-

33 595 190 642 diamus
222 615 274 640 ex
303 601 445 640 multis
474 601 765 640 Du-Pinium
797 602 923 655 (Nov.
953 601 1065 641 Bibl.
1099 611 1208 643 auct.
1252 603 1355 644 8001.
1383 604 1432 643 P.
1463 605 1495 644 1.

30 690 74 731 p.
114 676 255 730 289.):
307 675 480 724 „Nullus
535 676 659 715 etiam
699 674 872 725 dubito,
915 676 1017 730 quin
1057 677 1297 716 Conciones
1341 689 1497 718 nomen

32 746 234 802 Gregorii
263 747 564 802 Thaumaturgi
593 748 890 802 praeferentes
920 749 1024 788 alius
1060 749 1246 788 auctoris
1270 750 1364 792 sint.
1393 753 1498 791 Nam

33 831 335 879 praeterquam
366 820 479 874 quod
509 833 632 860 nemo
662 828 858 861 veterum
899 834 1044 860 earum
1083 822 1343 861 mentionem
1383 820 1498 890 facit,

32 895 299 949 conscriptae
342 902 439 932 sunt
477 893 582 946 stylo
624 893 745 934 valde
797 894 967 934 diverso
1007 919 1061 924 —
1095 917 1147 925 —
1185 918 1239 925 —-
1277 895 1499 949 Secundo,

31 969 182 1009 harum
211 969 464 1008 concionum
493 976 644 1008 auctor
675 968 727 1007 de
756 968 966 1021 mysteriis
1008 969 1207 1008 trinitatis
1241 977 1283 1008 et
1311 970 1500 1009 incarna-

32 1042 161 1082 tionis
192 1042 249 1082 ita
277 1042 488 1097 loquitur,
516 1050 563 1081 ut
592 1051 795 1096 appareat
822 1050 920 1096 post
937 1042 1192 1082 Arianorum
1221 1051 1265 1083 et
1285 1045 1502 1085 Nestoria-

34 1129 189 1155 norum
218 1123 333 1155 ortas
365 1115 566 1155 haereses
595 1116 765 1156 vixisse.
823 1115 1063 1155 studiosius
1095 1124 1138 1156 et
1162 1117 1334 1171 vsaepius
1362 1119 1500 1159 utitur

33 1187 205 1228 nomine
237 1181 485 1238 Θεοτόκος,
515 1188 615 1227 dum
653 1188 705 1227 de
744 1188 874 1227 Maria
914 1188 1079 1243 virgine
1123 1190 1338 1245 loquitur,
1381 1192 1501 1246 cujus

34 1260 179 1301 laudes
207 1262 388 1316 profuse
418 1261 631 1311 celebrat,
671 1261 787 1316 quod
816 1269 914 1316 post
957 1262 1192 1302 Concilium
1237 1262 1502 1318 Ephesinum

36 1341 197 1373 tantum
225 1333 268 1372 in
296 1348 376 1374 usu
404 1333 498 1374 suit.
555 1334 752 1388 Denique
781 1333 1050 1374 manifestum
1081 1343 1164 1386 est,
1194 1335 1266 1375 has
1296 1336 1502 1376 Homilias

38 1406 294 1460 compositas
325 1419 418 1446 esse
450 1420 503 1447 eo
533 1415 758 1461 tempore,
789 1422 873 1462 quo
904 1408 1082 1447 ecclesia
1111 1422 1216 1462 pace
1262 1408 1502 1460 fruebatur,

38 1477 213 1533 diesque
242 1480 375 1521 festos
401 1496 548 1535 magna
578 1495 673 1521 cum
703 1482 967 1521 solemnitate
997 1481 1160 1536 agebat.
1191 1483 1300 1521 Tres
1333 1484 1505 1524 concio-

36 1564 112 1591 nes
141 1552 194 1591 de
223 1552 554 1593 Annuntiatione
583 1554 784 1594 redolent
823 1555 972 1608 stylum
1017 1556 1169 1595 Procli
1213 1554 1507 1597 Constantino-

36 1622 229 1676 politani.
285 1625 448 1664 Harum
480 1626 609 1665 trium
650 1626 902 1667 concionum
940 1636 1156 1682 postrema
1201 1630 1508 1680 chrysostomo

39 1698 165 1736 etiam
193 1697 353 1739 tributa
384 1707 468 1748 est,
507 1706 548 1738 at
578 1699 673 1751 styli
713 1699 934 1739 diversitas
970 1708 1193 1755 repugnat.
1263 1700 1422 1759 Quarta
1451 1701 1506 1742 de

39 1769 297 1823 Baptismate
330 1771 514 1822 Christi,
554 1771 675 1826 cujus
707 1771 798 1811 dies
830 1770 963 1812 festus
992 1773 1255 1827 Epiphaniae
1285 1775 1354 1815 die
1397 1776 1508 1817 cele-

41 1842 214 1894 bratur,
258 1842 395 1883 tribus
440 1845 798 1898 praecedentibus
838 1846 1078 1900 elegentior
1122 1857 1212 1900 est,
1251 1850 1509 1906 videturque

43 1915 146 1956 alius
177 1931 269 1957 esse
300 1919 512 1970 auctoris,
543 1919 615 1973 qui
643 1928 784 1959 tamen
812 1934 896 1959 non
929 1930 993 1960 est
1036 1921 1273 1974 Gregorius
1303 1921 1510 1963 Thauma-

44 2000 216 2046 turgus,
247 1991 301 2031 ob
331 1992 518 2032 rationes
549 1993 632 2047 jam
661 1994 823 2033 allatas:
857 1995 1072 2035 invenitur
1099 2008 1257 2036 nomen
1303 1989 1512 2039 Θεοτό-

45 2077 142 2109 κος
183 2072 227 2104 et
271 2064 710 2105 consubstantialis.“
767 2067 993 2107 Consentit
1037 2067 1240 2107 Oudinus
1278 2070 1327 2108 Τ.
1355 2070 1386 2108 Ῑ.
1414 2082 1512 2124 pag.

45 2136 271 2192 294—96.
299 2138 417 2178 hisce
445 2139 644 2178 Homiliis
675 2148 856 2180 aetatem
885 2140 1022 2180 adhuc
1052 2141 1265 2195 juniorem
1280 2143 1511 2199 adsignans.

150 2211 195 2251 Si
222 2210 349 2261 haec,
378 2220 425 2251 ut
452 2225 578 2253 nemo
609 2212 832 2262 dubitabit,
862 2228 962 2253 vera
992 2222 1100 2264 sunt,
1133 2216 1341 2270 sequitur,
1371 2224 1515 2256 aucto-

49 2295 166 2334 rem,
196 2284 269 2338 qui
297 2283 374 2323 sub
404 2286 573 2324 nomine
604 2285 806 2339 Gregorii
836 2285 914 2326 Th.
944 2286 1129 2341 scripsit,
1154 2287 1280 2328 hasce
1309 2289 1516 2329 Homilias

51 2355 104 2394 ad
135 2356 412 2396 imitationem
439 2357 615 2399 Eusebii
645 2359 862 2409 Emeseni,
891 2372 986 2399 cum
1017 2375 1116 2415 quo,
1148 2361 1183 2401 si
1214 2376 1237 2401 a
1267 2362 1515 2417 dogmaticis

53 2429 323 2482 discesseris,
353 2431 459 2472 adeo
489 2431 772 2482 concordant,
801 2434 1105 2486 composuisse.

161 2504 278 2544 Idem
306 2505 416 2546 valet
447 2506 499 2545 de
531 2506 779 2555 Methodio‚
810 2507 1030 2561 Episcopo
1065 2510 1190 2561 Tyri,
1222 2511 1295 2565 qui
1335 2512 1449 2552 circa
1480 2527 1515 2553 a.

53 2575 149 2618 303.
183 2578 259 2617 sub
306 2578 573 2619 Diocletiano
604 2579 849 2631 martyrium
877 2594 1024 2633 passus
1068 2590 1147 2622 est.
1204 2584 1250 2622 In
1280 2583 1370 2637 ejus
1401 2585 1519 2640 Ope-

54 2649 174 2692 ribus
206 2660 251 2693 et
277 2651 446 2707 Fragm.
478 2652 578 2695 edit.
607 2654 687 2694 Fr.
721 2654 983 2710 Combefisii.
1022 2656 1120 2697 Par.
1165 2654 1281 2706 1644.
1311 2657 1344 2699 f.
1374 2666 1519 2700 extant
