1867 3053
311 308 392 350 pro
443 307 575 349 opere
619 293 801 348 genui-no
845 302 940 333 sunt
980 293 1168 342 habitae,
1217 309 1324 334 nunc
1367 307 1470 333 vcro
1512 293 1562 333 ab
1601 293 1753 334 utrius-

312 381 395 422 que
436 366 636 406 ecclesiae
675 367 777 407 viris
818 366 949 404 doctis
990 374 1181 420 tanquam
1226 364 1332 404 liber
1367 360 1658 420 *zpevctm'vvsswg
1686 378 1753 404 re-

309 438 557 493 probantur·

417 510 485 550 Nil
515 510 644 564 igitur
671 518 889 564 superest,
926 525 1048 570 quam
1085 518 1133 550 ut
1173 512 1308 550 omnia
1347 509 1520 551 Eusebii
1555 508 1755 549 Emeseni

311 582 468 636 scripta
497 582 696 636 genuina,
726 596 926 636 quorum,
954 591 1001 623 ut
1028 590 1198 624 veteres
1226 591 1445 633 testantur,
1473 596 1643 636 magnus
1676 581 1757 621 fuit

310 667 530 704 numerus,
559 653 771 694 interiisse
801 653 995 694 dicamus.
1051 655 1187 709 Hujus
1216 665 1353 695 autem
1381 655 1574 695 interitus
1603 653 1756 706 duplex

311 725 492 780 cogitari
532 733 674 779 potest
712 739 858 766 causa:
896 727 1026 766 altera
1065 728 1233 780 injuria
1272 729 1507 782 temporis,
1547 739 1651 780 quae
1691 733 1757 765 tot

310 798 482 852 egregia
510 797 660 837 mentis
688 796 889 838 humanae
918 812 1048 853 opera
1077 800 1254 840 delevit:
1284 800 1412 839 altera
1452 801 1577 853 culpa
1614 799 1756 837 homi-

310 885 438 917 num,
478 884 559 924 qua
601 869 806 910 effectum
848 880 936 922 est,
973 880 1022 912 ut
1057 872 1126 913 vel
1164 873 1344 922 invidia,
1384 872 1452 913 vel
1480 871 1658 920 timore,
1688 869 1756 909 vel

307 942 476 996 pictatis
506 942 643 982 studio
674 950 717 982 et
743 951 987 996 praetextu,
1014 946 1142 985 multa
1170 944 1342 998 scripta,
1358 956 1488 998 eaque
1515 943 1626 982 haud
1658 955 1756 981 raro

307 1013 684 1068 praestantissima,
714 1015 1033 1069 negligerentur
1061 1017 1250 1071 adeoque
1283 1016 1663 1070 supprimerentur.
1710 1015 1757 1052 In

307 1101 429 1127 causa
466 1088 794 1127 Haereticorum
832 1087 912 1128 hoc
951 1089 1114 1142 saepius
1154 1089 1264 1143 apud
1305 1086 1564 1128 Christianos
1603 1087 1758 1127 factum

308 1173 400 1200 esse
431 1167 615 1210 constat,
645 1160 848 1214 imprimis
893 1160 1042 1198 abillo
1088 1168 1310 1213 tempore,
1349 1161 1421 1200 ubi
1460 1159 1757 1200 Constantinus

309 1237 365 1275 M.
416 1236 469 1275 de
519 1231 812 1275 comburendis
864 1231 1189 1270 naereticorum
1236 1232 1354 1273 libris
1409 1233 1590 1286 primum
1641 1231 1757 1271 dedit

308 1308 570 1362 exemplum3
600 1304 642 1345 id
671 1304 784 1358 quod
825 1303 973 1342 exinde
1011 1304 1164 1344 multos
1204 1304 1347 1344 habuit
1386 1304 1631 1345 imitatores.
1687 1303 1760 1342 Ut-

308 1393 474 1435 cunque
504 1387 643 1419 autem
671 1377 724 1415 sit
752 1376 794 1415 in
821 1376 976 1415 Nostro
1007 1376 1080 1428 (de
1111 1391 1193 1430 quo
1223 1376 1333 1416 infra
1364 1376 1594 1416 accuratius
1620 1375 1760 1427 ‹lispu-

308 1452 533 1505 tabimus),
561 1451 718 1502 scripta
748 1448 837 1500 ejus
867 1448 990 1487 tantis
1032 1448 1220 1488 laudibus
1261 1448 1359 1487 olim
1399 1456 1598 1488 exornata
1635 1447 1757 1486 triste

307 1524 546 1564 habuerunt
596 1521 749 1563 fatum,
800 1529 867 1570 ut,
907 1519 942 1557 si
983 1520 1198 1569 nonnulla,
1237 1520 1311 1560 sed
1353 1520 1524 1573 exigua,
1563 1517 1755 1575 λείψανα

310 1595 518 1650 excipias,
547 1594 652 1634 altae
684 1592 884 1632 oblivioni
912 1592 1195 1632 traderentur.

418 1667 517 1707 Duo
546 1665 719 1712 Eusebii
749 1664 981 1718 fragmenta
1011 1673 1173 1704 servata
1202 1672 1320 1703 erant
1340 1679 1361 1702 a
1379 1664 1758 1704 Theodoretoffia-

310 1740 394 1793 log.
448 1740 517 1779 ΙΙΙ.
571 1739 623 1777 T.
677 1737 745 1779 1V.
800 1750 842 1789 p.
895 1737 988 1777 258.
1031 1750 1149 1790 seqq.
1220 1736 1448 1776 Praeterea
1502 1735 1544 1775 in
1589 1735 1757 1776 Catenis·

310 1814 483 1851 Patrum
513 1812 662 1851 Gracc.
693 1809 889 1850 nonnulla
920 1809 1009 1863 ejus
1038 1808 1169 1847 latere
1201 1815 1411 1860 excerpta,
1441 1808 1637 1848 dixerunt
1664 1808 1757 1849 VV-

310 1884 408 1922 DD.
437 1882 513 1937 (cf.
544 1884 645 1921 Du·
664 1883 743 1922 Pin
770 1896 867 1921 nov.
896 1880 1005 1920 Bibl.
1035 1881 1148 1919 Patr.
1178 1880 1228 1922 T.
1257 1880 1306 1918 ΙΙ.
1335 1894 1376 1934 p.
1412 1880 1542 1931 126.)3
1573 1879 1757 1934 quamvis

313 1971 335 1994 a
373 1955 565 2005 nemine,
617 1962 816 2010 quantum
853 1953 970 2003 scio,
1011 1965 1143 2006 quae,
1189 1960 1233 1991 et
1271 1951 1344 1991 ubi
1386 1952 1491 2002 siut,
1531 1951 1757 1992 indicatum

312 2027 459 2068 fuerit.
517 2027 671 2066 Cetera
701 2028 791 2079 ejus
819 2025 976 2078 scripta
1003 2024 1139 2064 omnia
1167 2024 1385 2078 deperdita
1412 2023 1675 2074 credebatur,
1701 2033 1759 2072 ct,

314 2099 388 2139 ubi
426 2099 478 2139 de
518 2113 594 2138 usu
634 2097 910 2152 cogitaveris,
950 2110 1103 2137 revera
1143 2104 1262 2136 erant
1305 2095 1534 2149 deperdita.
1592 2096 1758 2136 Primus

316 2181 454 2212 tamen
481 2170 562 2210 fine
592 2184 698 2210 saec.
732 2171 861 2210 XVII.
893 2169 974 2210 fuit
1011 2170 1165 2209 Petrus
1204 2169 1484 2224 Lambecz'us,
1522 2169 1594 2223 qui
1635 2168 1759 2208 Com-

316 2253 490 2282 mentar.
521 2243 573 2282 de
602 2242 867 2282 Bibliotheca
896 2240 1060 2280 Cacsar.
1095 2241 1324 2282 Vindohon.
1353 2241 1446 2281 Lib.
1475 2242 1546 2283 IV.
1585 2255 1627 2295 p.
1672 2242 1759 2288 184.

318 2324 362 2355 et
391 2315 461 2354 lib.
491 2315 542 2357 V.
571 2328 612 2368 p.
648 2314 733 2355 135.
764 2314 857 2354 coll.
889 2329 930 2368 p.
958 2314 1208 2360 323—324.
1239 2314 1337 2354 edit.
1367 2313 1549 2358 Vindob.
1584 2310 1698 2365 1671.
1728 2311 1759 2352 s.

319 2395 407 2426 tres
447 2386 621 2427 Eusebii
661 2386 795 2426 nostri
834 2387 1035 2427 Homilias
1079 2400 1248 2441 graecas
1290 2386 1423 2426 adhuc
1463 2397 1685 2440 superesse
1716 2393 1759 2425 ct

319 2460 359 2498 in
389 2458 663 2498 celeberrima
695 2458 957 2498 Bibliotheca
988 2459 1301 2500 Vindobonensi
1339 2457 1564 2507 asservari,
1603 2457 1759 2496 docuit.

319 2531 366 2570 ld
394 2531 508 2584 quod
536 2530 659 2570 etiarn
688 2531 728 2570 iu
760 2534 870 2570 Dan.
913 2533 1097 2571 Nesselii
1134 2531 1319 2584 Catalog.
1359 2528 1597 2573 Vindobon.
1645 2528 1760 2583 1690.

321 2599 351 2640 f.
381 2616 422 2656 p.
461 2603 554 2657 309.
600 2611 644 2642 et
689 2618 731 2656 p.
779 2607 869 2648 420·
915 2604 1141 2657 rcpetitum
1184 2611 1225 2642 ct
1256 2602 1541 2643 confirmatum
1570 2601 1760 2655 legimus.
