1867 3053
872 196 1139 240 ..70-

267 322 344 376 pla.
402 319 637 359 Laudamus
681 320 795 358 inter
823 316 950 356 multa
989 314 1182 368 exempla
1227 313 1494 371 Gaudencii,
1521 315 1724 364 Paulini,

268 394 499 446 Ambrosii,
528 393 691 434 Basilii
721 391 894 444 flIagni,
927 389 1137 443 Gregorii
1165 389 1369 441 Nysseni,
1402 389 1608 443 Gregorii
1630 390 1726 429 Να-

268 469 468 508 zianzeni
499 474 626 520 atque
656 463 891 519 Eplzraemi
918 463 1055 514 Syri,
1086 462 1159 515 qui
1189 474 1332 500 omnes
1354 460 1505 501 eodem
1530 469 1726 514 tempore

270 542 482 581 vixerunt.
540 538 626 603 Qui
654 538 776 593 plura
807 536 1044 587 desiderat,
1075 535 1118 574 in
1132 536 1595 576 Ludov.Thomassini
1625 547 1726 588 ope-

270 630 316 656 re
350 615 402 655 de
433 609 718 656 vehet-nov.
750 608 980 664 disciplina.
1011 609 1060 650 P.
1093 609 1142 650 11.
1174 607 1246 649 lib.
1279 608 1317 648 ΙΙ
1345 620 1381 648 c.
1411 618 1449 648 2.
1478 620 1516 649 c.
1547 607 1598 648 65
1636 621 1726 663 sqq.

271 688 458 729 inveniet
487 685 714 740 des-cripta.

378 759 532 798 Mirum
562 766 704 798 autem
735 764 821 807 est,
866 764 1064 810 tempore
1095 755 1442 810 persecutionum
1470 768 1577 797 saec.
1605 755 1655 795 11.
1686 762 1730 795 et

271 832 337 873 111.
367 831 498 872 multo
530 829 668 871 rarius
696 830 820 870 huius
853 830 1125 871 aversationis
1154 829 1341 872 inveniri
1371 830 1571 884 exempla.
1627 831 1732 869 Per-

273 913 489 946 secutores
538 918 642 960 prae
687 905 838 944 ceteris
875 905 918 943 in
947 904 1176 958 episcopos
1204 913 1248 945 et
1277 917 1494 943 sacrorum
1525 902 1731 943 antistites

273 977 534 1028 saeviebant,
567 976 684 1031 quod
713 978 891 1016 maxime
929 975 1005 1015 sub
1034 976 1171 1016 Decio
1204 984 1248 1016 et
1277 975 1547 1016 Diocletiano
1576 974 1732 1015 {actum

274 1064 366 1091 csse
397 1060 581 1101 constat3
609 1064 695 1090 non
738 1049 966 1089 defuerunt
992 1058 1155 1101 tamen,
1185 1049 1259 1104 qui
1295 1049 1408 1088 ultro
1449 1048 1532 1089 hoc
1558 1041 1734 1106 μαρτύ-

274 1137 372 1178 ριον
404 1131 669 1179 expeterent.
726 1123 912 1176 Egregie
952 1121 1005 1161 (le
1045 1121 1130 1161 hoc
1170 1129 1281 1161 statu
1309 1130 1353 1162 et
1382 1130 1578 1176 tempore
1611 1122 1733 1162 Gau-

276 1198 468 1247 dentius,
511 1197 753 1250 Episcopus
795 1194 1029 1236 Brixiensis
1079 1193 1213 1247 (circa
1254 1193 1382 1235 finem
1419 1208 1526 1235 saec.
1558 1195 1629 1239 IV.
1661 1198 1733 1251 qui

277 1271 369 1324 ipse
401 1269 454 1309 ad
485 1269 799 1323 suscipiendum
828 1269 1132 1323 Episcopatum
1161 1275 1252 1307 erat
1283 1268 1523 1322 compulsus
1553 1266 1609 1307 cf.
1627 1268 1737 1307 Gau-

279 1345 412 1386 dentii
466 1358 591 1384 serm.
638 1344 783 1396 XVI),
836 1342 1008 1382 scribit:
1049 1341 1185 1392 „Cum
1229 1340 1519 1395 episcopatum
1564 1340 1738 1394 cogitas,

280 1433 333 1460 ne
372 1417 536 1460 reseras
588 1418 769 1458 animum
809 1416 861 1456 ad
908 1418 1013 1456 haec
1052 1425 1267 1469 tempora,
1327 1413 1480 1470 quibus
1531 1413 1738 1468 Episcopi

281 1492 384 1532 nihil
423 1492 557 1532 minus
596 1497 777 1539 norunt,
820 1503 943 1543 quam
995 1502 1062 1528 eas
1102 1496 1269 1542 parteS,
1301 1498 1406 1539 quae
1443 1484 1523 1523 illis
1555 1501 1578 1525 a
1607 1487 1737 1525 Paulo

285 1567 329 1619 (1
360 1568 440 1620 Ep.
471 1566 523 1605 ad
552 1565 735 1605 Timoth.
766 1578 800 1604 c.
831 1565 923 1613 ΙΙΙ.)
957 1563 1232 1615 assignantur.
1274 1559 1611 1615 Necssquidquam
1628 1559 1740 1599 aliud

283 1652 394 1677 nunc
434 1639 682 1693 intelligitur
733 1637 1014 1692 appellatione
1058 1635 1282 1690 Episcopi,
1322 1648 1444 1689 quam
1484 1633 1649 1674 fructus
1697 1641 1741 1673 ct

286 1715 531 1769 vectigalia,
575 1714 860 1767 immanesque
902 1712 1103 1751 honores.
1184 1710 1268 1750 Sed
1308 1717 1500 1762 tempora
1539 1707 1609 1746 illa
1645 1714 1738 1745 ante

288 1788 433 1829 oeulos
483 1803 703 1843 propone,
759 1799 853 1825 cuni
893 1786 1046 1825 Paulus
1093 1786 1206 1838 ipse,
1246 1783 1317 1837 qui
1358 1782 1459 1822 alios
1500 1779 1742 1820 instituebat

289 1862 540 1915 episcopos,
583 1860 833 1915 peragrabat
864 1859 1013 1899 orbem
1043 1867 1251 1897 terrarum
1292 1856 1332 1895 in
1363 1855 1471 1896 fame
1503 1864 1546 1895 et
1576 1854 1670 1904 siti,
1698 1854 1742 1892 in

284 1933 478 1987 frigore,
521 1933 817 1989 nuditateque,
857 1933 900 1972 in
927 1931 1177 1972 verberibus
1220 1930 1463 1983 plagisque,
1492 1928 1535 1967 in
1565 1927 1743 1968 carceri-

288 2006 367 2047 bus
397 2015 521 2061 atque
554 2008 807 2063 quotidianis
836 2006 1055 2047 mortibus.
1114 2007 1177 2043 Eo
1209 2004 1338 2057 igitur
1366 2011 1562 2056 tempore
1595 2008 1742 2054 optare

288 2081 605 2134 episcopatum,
636 2082 737 2121 nihil
771 2081 938 2120 omnino
983 2079 1095 2119 aliud
1126 2087 1239 2128 erat,
1271 2091 1392 2131 quam
1424 2084 1571 2130 optare
1606 2073 1742 2128 quoti-

287 2154 361 2193 die
393 2154 542 2194 millies
572 2168 652 2207 pro
686 2153 856 2192 Christo
887 2152 1018 2203 mori,
1047 2150 1161 2206 quod
1192 2162 1288 2189 sanc
1321 2156 1469 2202 optare
1499 2147 1619 2200 *nulla
1647 2147 1744 2186 reli-

290 2228 361 2283 gio
394 2226 651 2281 p1¹ohibet“.

401 2300 517 2340 Haec
549 2309 688 2339 tamen
719 2299 904 2338 conditio
936 2297 1033 2337 inde
1062 2313 1084 2337 a
1113 2309 1219 2336 saec.
1249 2296 1320 2337 IV.
1359 2309 1536 2349 prorsus
1564 2301 1656 2333 erat
1684 2292 1744 2332 di-

288 2383 426 2412 versa.
484 2370 589 2410 Cum
619 2379 756 2410 autem
785 2371 908 2423 hujus
940 2369 1023 2409 loci
1053 2383 1135 2408 non
1165 2370 1231 2416 sit,
1269 2376 1403 2408 totum
1431 2368 1514 2407 hoc
1530 2380 1748 2421 argumen-

288 2452 378 2484 tum
396 2451 674 2497 pertractare,
695 2442 779 2482 hoc
803 2451 961 2482 tantum
991 2442 1245 2482 monendum
1263 2454 1493 2491 censemus,
1517 2453 1602 2479 non
1627 2438 1748 2478 defu-

291 2516 373 2554 isse
396 2517 520 2555 etiam
534 2516 617 2556 hoc
630 2524 824 2570 tempore
837 2530 998 2555 causam
1012 2524 1135 2570 atque
1154 2515 1417 2555 occasionem
1436 2512 1750 2565 martyrii,licct

291 2589 369 2629 alia
389 2589 567 2628 ratione.
597 2588 814 2628 Ecclesiae
836 2587 1006 2642 quidem
1024 2588 1273 2628 christianae
1298 2596 1428 2627 status
1451 2593 1649 2625 externus
1669 2595 1750 2636 per

294 2661 612 2701 Constantinum
650 2662 704 2699 M.
762 2660 817 2699 ita
852 2660 905 2710 xin
948 2660 1095 2700 melius
1137 2668 1228 2700 crat
1265 2657 1612 2706 transformatus,
1642 2662 1688 2694 ut
1728 2667 1751 2691 a
