1773 3032
770 181 1064 225 -118—

188 305 450 347 adversarius
480 304 566 343 suis
597 302 785 358 propriis
817 302 979 341 astutiis
1008 301 1254 355 illaqueatus
1283 301 1472 354 capitur,
1503 289 1547 342 et
1575 300 1638 354 fit,

188 380 302 434 quod
334 378 473 417 Hades
503 368 1071 431 praedixerat:‚uaecoc'yestmg
1099 373 1188 416 τῶν
1217 371 1410 425 δικαίων,
1423 372 1641 432 ἐπίχαρμα

186 456 274 493 τών
317 447 478 508 οἷγίων,
525 443 725 504 &aeswig
755 446 829 490 καὶ
870 442 1152 502 ἀπρόσκοπος
1191 449 1252 502 (p.
1296 447 1395 500 26.).
1472 450 1640 492 Primus

187 526 316 566 fuisse
344 527 503 565 Noster
531 525 713 574 videtur,
728 531 775 563 ut
802 523 885 577 jam
916 522 1106 572 diximus,
1137 522 1209 577 qui
1239 522 1442 562 concione
1470 523 1641 577 publica

190 608 232 639 et
261 599 312 639 ad
341 597 538 639 dramatis
567 598 698 637 instar
738 596 822 636 hoc
852 596 1049 650 exposuit
1077 603 1394 649 argumentum3
1433 596 1641 650 antiquio-

187 688 278 713 rem
321 681 438 712 certe
478 685 564 711 non
621 670 853 721 habemus,
894 684 975 725 qua
1012 669 1056 708 id
1094 668 1251 709 factum
1290 669 1366 720 sit,
1404 670 1642 709 orationem

186 760 360 786 sacram.
418 745 504 784 Sed
533 759 604 785 res
647 744 738 799 ipsa
767 759 789 783 a
817 743 966 798 primis
1011 743 1092 797 jam
1142 743 1391 783 doctoribus
1440 742 1644 783 ecclesiae

184 828 361 860 tractata
390 827 434 858 et
463 833 515 859 ex
543 819 646 873 ipsis
675 820 725 860 N.
758 819 807 857 Τ.
851 816 1042 857 fontibus
1085 817 1270 858 derivata
1312 824 1403 868 est3
1441 816 1486 857 id
1529 816 1645 871 quod

185 893 380 947 pluribus
411 892 564 931 deinde
594 890 894 932 illustrabimus
923 891 1138 945 exemplis.

295 966 351 1005 Ut
379 965 421 1004 in
450 966 686 1018 argumenti
718 964 994 1015 tractatione,
1024 967 1082 1004 ita
1115 976 1283 1020 quoque
1314 964 1358 1003 in
1383 963 1550 1005 dicendi
1578 976 1646 1018 ge,

186 1052 290 1078 nere
331 1046 375 1079 ct
415 1039 521 1093 stylo
562 1038 740 1078 multum
779 1039 937 1079 Noster
966 1038 1016 1078 ab
1048 1038 1137 1078 aliis
1167 1037 1451 1092 scriptoribus
1483 1047 1528 1078 et
1555 1038 1646 1077 Ho-

184 1111 340 1151 miletis
376 1112 553 1152 recedit.
610 1112 720 1151 Eum
757 1126 896 1152 amare
946 1113 1262 1169 breviloquium
1271 1142 1289 1161 ,
1329 1112 1412 1166 jani
1451 1112 1646 1162 diximus,

183 1193 230 1225 et
256 1185 571 1239 comparatione
602 1198 697 1224 cum
726 1185 838 1237 aliis,
882 1186 1075 1239 inprimis
1118 1199 1212 1225 cum
1257 1185 1478 1240 Origene,
1517 1185 1647 1224 Atha-

184 1258 325 1309 nasio,
360 1257 518 1298 Basilio
547 1259 628 1310 M„
659 1259 881 1314 Gregoriis
925 1259 1099 1314 aliisque
1127 1258 1317 1298 instituta
1344 1256 1494 1308 facile,
1524 1257 1646 1312 quale

185 1331 263 1383 sit,
293 1330 555 1385 intelligitur.
613 1330 814 1372 Cernitur
843 1340 981 1372 autem
1008 1339 1092 1371 tam
1120 1331 1163 1370 in
1205 1318 1407 1382 materia,
1451 1344 1573 1384 (suam
1603 1330 1648 1369 in

187 1404 340 1445 forma.
392 1405 629 1460 Utrumque
658 1405 942 1457 Hieronymus
972 1419 1073 1446 suo:
1114 1405 1378 1454 „Homiliae
1421 1404 1648 1454 breves,“

185 1478 427 1532 exprimere
456 1478 641 1518 voluisse
671 1478 851 1520 videtur.
894 1478 1043 1520 Oratio
1073 1479 1145 1520 ΙΙΙ.
1175 1479 1219 1519 in
1246 1480 1503 1519 Parasceves
1535 1477 1647 1518 diem

186 1551 373 1592 omnium
402 1557 467 1589 est
495 1550 737 1604 longissima
768 1560 894 1608 atque
935 1552 1210 1606 amplissima:
1251 1551 1344 1606 quis
1386 1560 1525 1591 tamen
1557 1564 1644 1590 non

183 1623 326 1674 videt,
372 1636 462 1663 eam
503 1623 573 1664 vix
604 1624 829 1677 ⁸dimidiam
866 1634 1031 1679 partem
1075 1626 1200 1679 spatii
1238 1625 1289 1666 ab
1330 1626 1421 1666 aliis
1451 1623 1647 1678 occupati

188 1695 396 1749 explere?
462 1696 612 1750 Neque
660 1705 800 1736 tamen
847 1698 1084 1752 argumenti
1132 1698 1312 1752 gravitas
1358 1697 1427 1737 vel
1474 1697 1647 1737 ubertas

187 1770 467 1810 desideratur.
523 1770 618 1808 Non
647 1767 784 1809 solum
814 1778 912 1810 sunt
952 1771 1118 1818 multa,
1148 1770 1224 1811 sed
1266 1770 1392 1811 etiam
1427 1772 1637 1820 mullum,

187 1843 303 1898 quod
330 1841 498 1896 profert
526 1851 696 1882 auctor:
737 1850 821 1882 tam
859 1843 1017 1897 largam
1057 1844 1169 1883 enim
1211 1844 1385 1898 exponit
1428 1845 1647 1885 materiam

186 1924 232 1957 et
273 1916 454 1970 sylvam,
500 1925 549 1957 ut
591 1916 679 1956 aliis
734 1915 786 1955 ad
822 1917 967 1971 plures
1008 1918 1222 1959 orationes
1266 1916 1500 1959 sufficeret.
1565 1916 1647 1957 Ubi

188 1998 328 2030 autem
365 1989 651 2046 quaesiveris,
689 1989 802 2029 unde
833 1990 916 2031 hoc
942 1990 1055 2032 fiat?
1092 1991 1135 2031 in
1172 2000 1376 2046 promptu
1404 1999 1494 2043 est,
1532 1990 1649 2050 quod

188 2063 462 2117 respondeas.

301 2137 340 2190 ι)
371 2138 466 2177 Non
496 2145 603 2177 amat
630 2138 787 2178 Noster
824 2137 1042 2192 ambages,
1081 2139 1304 2189 introitus,
1348 2139 1648 2195 digressiones,

190 2208 541 2250 demostrationes
581 2219 708 2266 atque
752 2212 1134 2265 argumentationes
1162 2213 1206 2251 in
1233 2213 1406 2268 longum
1438 2214 1652 2266 latumque

191 2280 376 2321 diffusas.
458 2284 580 2322 More
609 2291 835 2337 poetarum
864 2285 1072 2326 lectorem
1102 2288 1148 2325 in.
1199 2287 1367 2326 medias
1402 2301 1469 2326 res
1518 2287 1653 2339 rapit,

190 2363 234 2394 et
272 2354 399 2395 brevi
440 2371 598 2396 summa
637 2357 704 2408 id,
746 2358 862 2413 quod
900 2368 1027 2413 caput
1068 2360 1133 2401 rei
1171 2373 1265 2401 esse
1303 2360 1500 2413 videtur,
1552 2367 1648 2400 ante

192 2427 337 2467 oculos
367 2430 502 2481 ponit.

299 2503 344 2555 2)
375 2504 467 2541 Non
496 2504 687 2558 sequitur
714 2518 880 2546 morem
906 2504 1000 2546 fere
1030 2506 1270 2561 vulgarem,
1299 2508 1343 2547 in
1385 2504 1648 2547 orationibus

192 2575 319 2614 sacris
350 2582 532 2615 tractare
562 2579 827 2633 theologiam
856 2581 1149 2634 dogmaticam
1178 2593 1215 2622 ec
1240 2583 1511 2637 polemicam.
1547 2580 1648 2620 Om-

195 2660 269 2687 ncs
315 2648 477 2701 sciunt,
521 2661 719 2705 quantum
764 2655 841 2694 sibi
895 2656 1086 2709 placeant
1132 2658 1406 2698 'l'raetatores
1459 2654 1566 2695 sacri
1611 2653 1653 2691 in

1737 2366 1740 2394 1
