1773 3032
762 147 1052 192 -178—

191 268 306 308 omni
334 268 474 309 studio
503 268 728 309 laborabat.
751 269 925 309 Poterat
954 275 1092 307 autem
1122 267 1216 321 jure
1244 265 1422 322 quodam
1440 270 1629 321 Gya-illus

192 341 303 380 inter
349 339 428 380 hos
471 349 600 381 testes
642 342 883 392 numerari,
923 340 1015 380 cum
1056 340 1180 379 variis
1217 341 1506 395 temporibus,
1549 355 1631 396 pro

191 414 465 454 inconstantia
495 428 580 464 sua,
613 413 726 453 varie
757 421 868 452 esset
895 413 1072 452 locutus.
1107 415 1201 453 Hoc
1229 421 1365 453 tamen
1393 413 1520 453 dubio
1550 428 1633 454 non

193 495 328 538 caret,
367 487 688 527 Theodoretum
728 487 768 525 in
807 486 889 527 hoc
933 501 1092 540 opere,
1130 485 1229 525 licet
1282 494 1396 525 tecto
1437 489 1636 538 nomine,

196 562 354 614 cyrilli
385 560 634 599 sententiam
665 559 716 598 de
746 565 890 598 natura
922 558 1077 598 Christi
1118 569 1158 597 et
1194 558 1382 612 inprimis
1422 561 1511 613 ejus
1551 561 1636 600 sor-

191 634 364 674 mulam:
393 631 504 686 μίαν
533 625 666 686 φύσιν
695 632 747 672 τὲ
778 631 868 674 Θεέ
894 625 1000 687 λόγες
1027 630 1366 686 &ammoys-'msa'
1396 639 1438 670 et
1466 634 1636 672 aiteram

192 708 326 746 illam:
359 704 474 752 Θεός
505 705 692 750 cinaede
721 704 890 755 ἔπαθε,
937 717 1016 743 nec
1052 718 1137 743 non
1174 699 1462 753 Dioscurum‚'
1497 704 1638 756 Cyrilli

196 791 489 818 successorem
521 785 563 816 et
601 777 902 831 pedisequum,
942 776 1218 829 impugnasse.
1268 776 1409 824 Vide,
1452 789 1555 830 quae
1585 776 1638 816 de

193 850 271 890 hac
301 865 420 891 causa
451 859 705 889 monuerunt
735 850 827 891 VV.
858 849 955 888 DD.
999 851 1038 888 J.
1072 850 1169 888 Chr.
1209 851 1285 888 Fr.
1329 850 1639 890 lr'mzdemann

196 923 451 964 Geschichte
493 923 571 963 der
606 921 875 961 christlichen
913 921 1271 962 Glaubenslehren
1315 937 1411 963 vom
1441 924 1640 964 Zeitalter

196 997 271 1036 (les
314 995 561 1036 Athanasius
588 994 651 1033 bis
693 995 874 1049 Gregor.
906 994 945 1032 d.
975 995 1048 1033 Gr.
1082 995 1159 1033 Th.
1192 996 1240 1033 11⁶
1270 1011 1312 1049 p.
1343 998 1419 1037 252
1451 1011 1567 1051 seqq.
1597 1005 1641 1036 et

199 1071 314 1109 Guil.
347 1070 578 1109 Mansclzer
607 1066 842 1106 Handbuch
872 1067 948 1105 der
979 1060 1065 1106 chr.
1095 1067 1532 1120 Dogmengeschichte
1562 1068 1639 1107 Th.

195 1141 273 1184 IV.·
296 1155 339 1193 p.
370 1153 421 1193 72
453 1153 570 1193 seqq.
627 1140 741 1178 Idem
770 1147 889 1178 recte
920 1139 1080 1178 monuit
1111 1140 1171 1193 (p.
1201 1139 1302 1192 8605
1321 1139 1640 1178 Theodoretum

194 1212 352 1251 librum
395 1226 515 1250 suum
551 1213 632 1264 jam
682 1219 775 1250 ante
819 1213 1063 1264 Eutychen,
1106 1219 1148 1250 et
1191 1212 1429 1264 specialiter
1495 1218 1641 1252 eontra

197 1284 344 1337 Cyrilli
373 1283 576 1324 formulas
616 1284 659 1322 in
701 1281 879 1324 Oriente
919 1283 1047 1338 magis
1088 1283 1300 1338 magisque
1343 1297 1502 1337 sparsas
1542 1284 1642 1323 scri·

197 1357 344 1411 psisse.
401 1354 515 1395 Idem
545 1356 726 1411 denique
755 1356 910 1396 ibidem
937 1356 1111 1410 judicat,
1151 1371 1234 1397 non
1272 1355 1518 1396 laudandum
1550 1368 1642 1394 esse

200 1427 545 1478 Theodoretum,
574 1424 688 1482 quod
718 1429 915 1481 Cyrillum
943 1426 1111 1483 quidem
1155 1438 1318 1483 patrem
1361 1428 1643 1486 orthodoxum

202 1499 482 1540 declaraverit
524 1499 613 1553 ejus
655 1509 793 1540 tamen
837 1500 1062 1542 sententias
1081 1531 1093 1552 ‚
1142 1499 1339 1542 formulas
1368 1501 1567 1556 loquendi
1598 1510 1642 1540 et

199 1573 403 1612 terminos
430 1571 671 1622 technicos‚
697 1571 846 1626 quibus
875 1577 1056 1623 tantum,
1086 1583 1132 1612 ut
1159 1556 1300 1612 omnes
1330 1572 1478 1621 sciunt,
1508 1571 1643 1611 tribu-

202 1644 378 1697 endum,
407 1654 601 1700 tanquam
628 1644 860 1684 haereticas
906 1650 1029 1703 atque
1071 1645 1215 1700 impias
1243 1645 1537 1700 reprobaverit
1557 1644 1616 1697 Ἰ*).

310 1720 358 1757 In
396 1719 478 1758 hoc
506 1718 636 1771 igitur
675 1731 806 1772 opere
859 1717 1172 1762 Theodoretus
1201 1719 1453 1762 Emesenum
1503 1728 1644 1755 secum

204 1791 539 1832 consentientem
589 1786 727 1830 laudat
761 1791 804 1830 in
841 1790 1059 1842 doctrina,
1108 1801 1229 1846 quam
1279 1802 1423 1830 omnes
1475 1790 1642 1831 omnino

205 1864 707 1906 eeclesiaeAntiochenae
745 1863 941 1903 doctores
970 1875 1054 1902 uno
1086 1863 1202 1917 quasi
1231 1875 1306 1902 ore
1335 1871 1429 1902 sunt
1449 1862 1642 1916 professi.

203 1942 282 1980 Est
310 1948 462 1979 autem
502 1936 605 1978 haec
645 1937 836 1978 doctrina
876 1932 979 1976 nihil
1017 1935 1149 1989 aliud,
1188 1950 1308 1992 quam
1346 1935 1418 1975 ille
1438 1937 1643 1989 Duophy-

275 2155 318 2200 ¹¹)
345 2153 469 2187 Verba
503 2155 721 2190 Mic'nscheri
743 2152 768 2195 l,
795 2166 827 2194 e,
850 2166 885 2203 p.
906 2154 966 2192 121
1002 2158 1105 2191 sunta
1154 2156 1225 2200 „Es
1253 2167 1322 2190 war
1360 2153 1644 2200 inconsequent‚

348 2217 426 2251 dass
453 2219 513 2251 ein
539 2218 756 2259 Theodorei,
785 2221 857 2255 den
899 2223 1054 2266 Cyrillus
1090 2221 1279 2267 spaterhin
1313 2231 1402 2252 zwar
1438 2219 1488 2251 als
1522 2217 1644 2250 recht-

348 2284 495 2328 glaubig
521 2284 767 2319 ancrkannte:
795 2284 872 2321 und
904 2286 1070 2331 zugleich
1103 2285 1175 2319 den
1210 2284 1429 2318 Leln·siitzen
1463 2280 1539 2316 und
1572 2279 1645 2312 den

344 2348 518 2382 Formeln
546 2349 761 2391 desselben,
798 2352 849 2384 als
889 2349 1138 2394 gefahrlichen
1172 2350 1416 2390 lrrthi'tmeru,
1453 2347 1529 2382 sich
1565 2350 1646 2379 eut—

349 2418 623 2460 gegensetzte.“
655 2416 850 2458 Addimus,
879 2418 994 2450 multo
1022 2418 1139 2450 minus
1166 2416 1390 2450 laudandum
1417 2423 1494 2447 esse
1522 2410 1646 2444 Theo-

345 2479 537 2524 (loretum,
564 2481 664 2527 quod
693 2481 786 2515 adeo
812 2492 885 2515 non
913 2483 1167 2525 erubesceret,
1193 2483 1383 2515 anathema
1410 2477 1646 2525 pronuntiare

345 2545 391 2577 (le
424 2548 595 2580 Nestorio
622 2548 763 2589 amico,
790 2549 891 2591 cujus
920 2554 1039 2581 tamen
1065 2548 1258 2581 sententiis
1284 2545 1649 2589 iulmcrebat,quem-

350 2621 423 2654 que
449 2616 556 2644 antea
588 2610 787 2646 defendere
813 2614 869 2646 sui
897 2613 1012 2646 officii
1040 2623 1117 2646 esse
1145 2616 1348 2658 putaverat.
