<?xml version="1.0" encoding="UTF-8"?>
<!DOCTYPE html PUBLIC "-//W3C//DTD XHTML 1.0 Transitional//EN"
    "http://www.w3.org/TR/xhtml1/DTD/xhtml1-transitional.dtd">
<html xmlns="http://www.w3.org/1999/xhtml" xml:lang="en" lang="en">
 <head>
  <title>
</title>
<meta http-equiv="Content-Type" content="text/html;charset=utf-8" />
  <meta name='ocr-system' content='tesseract 3.04.00' />
  <meta name='ocr-capabilities' content='ocr_page ocr_carea ocr_par ocr_line ocrx_word'/>
</head>
<body>
  <div class='ocr_page' id='page_1' title='image "./eusebiiemeseniqu00auguuoft_0113.png"; bbox 0 0 1773 3032; ppageno 0'>
   <div class='ocr_carea' id='block_1_1' title="bbox 661 162 957 206">
    <p class='ocr_par' dir='ltr' id='par_1_1' title="bbox 661 162 957 206">
     <span class='ocr_line' id='line_1_1' title="bbox 661 162 957 206; baseline 0.003 -1"><span class='ocrx_word' id='word_1_1' title='bbox 661 162 957 206; x_wconf 84' lang='lat'>—107—</span> 
     </span>
    </p>
   </div>
   <div class='ocr_carea' id='block_1_2' title="bbox 79 280 1549 1445">
    <p class='ocr_par' dir='ltr' id='par_1_2' title="bbox 79 280 1549 1445">
     <span class='ocr_line' id='line_1_2' title="bbox 81 280 1541 338; baseline -0.003 -12"><span class='ocrx_word' id='word_1_2' title='bbox 81 286 108 326; x_wconf 87' lang='lat'><strong>1.</strong></span> <span class='ocrx_word' id='word_1_3' title='bbox 141 298 177 327; x_wconf 91' lang='lat' dir='ltr'><strong>c.</strong></span> <span class='ocrx_word' id='word_1_4' title='bbox 209 285 266 326; x_wconf 85' lang='lat' dir='ltr'><strong>ita</strong></span> <span class='ocrx_word' id='word_1_5' title='bbox 294 280 456 338; x_wconf 80' lang='lat' dir='ltr'><strong>pergit:</strong></span> <span class='ocrx_word' id='word_1_6' title='bbox 512 282 606 333; x_wconf 83' lang='lat' dir='ltr'><strong>„Eo</strong></span> <span class='ocrx_word' id='word_1_7' title='bbox 636 282 933 332; x_wconf 90' lang='lat' dir='ltr'><strong>incommodo,</strong></span> <span class='ocrx_word' id='word_1_8' title='bbox 973 288 1020 322; x_wconf 88' lang='lat' dir='ltr'><strong>ut</strong></span> <span class='ocrx_word' id='word_1_9' title='bbox 1049 281 1228 336; x_wconf 84' lang='lat' dir='ltr'><strong>opinor,</strong></span> <span class='ocrx_word' id='word_1_10' title='bbox 1255 290 1421 332; x_wconf 85' lang='lat' dir='ltr'><strong>motus,</strong></span> <span class='ocrx_word' id='word_1_11' title='bbox 1450 280 1541 325; x_wconf 82' lang='lat' dir='ltr'><strong>sive</strong></span> 
     </span>
     <span class='ocr_line' id='line_1_3' title="bbox 81 353 1542 412; baseline -0.001 -14"><span class='ocrx_word' id='word_1_12' title='bbox 81 357 159 399; x_wconf 88' lang='lat' dir='ltr'><strong>alia</strong></span> <span class='ocrx_word' id='word_1_13' title='bbox 188 357 242 398; x_wconf 88' lang='lat' dir='ltr'><strong>de</strong></span> <span class='ocrx_word' id='word_1_14' title='bbox 271 369 416 405; x_wconf 86' lang='lat' dir='ltr'><strong>causa,</strong></span> <span class='ocrx_word' id='word_1_15' title='bbox 444 355 651 397; x_wconf 78' lang='lat' dir='ltr'><em>Eusebius</em></span> <span class='ocrx_word' id='word_1_16' title='bbox 680 357 907 396; x_wconf 82' lang='lat' dir='ltr'><strong>Emesenus</strong></span> <span class='ocrx_word' id='word_1_17' title='bbox 937 353 1121 394; x_wconf 81' lang='lat' dir='ltr'><strong>instituit</strong></span> <span class='ocrx_word' id='word_1_18' title='bbox 1149 354 1327 408; x_wconf 87' lang='lat' dir='ltr'><strong>primus,</strong></span> <span class='ocrx_word' id='word_1_19' title='bbox 1341 365 1542 412; x_wconf 86' lang='lat' dir='ltr'><strong>quantum</strong></span> 
     </span>
     <span class='ocr_line' id='line_1_4' title="bbox 82 429 1542 485; baseline -0.001 -12"><span class='ocrx_word' id='word_1_20' title='bbox 82 432 250 482; x_wconf 78' lang='lat' dir='ltr'><strong>scimus,</strong></span> <span class='ocrx_word' id='word_1_21' title='bbox 279 430 447 471; x_wconf 84' lang='lat' dir='ltr'><strong>diversa</strong></span> <span class='ocrx_word' id='word_1_22' title='bbox 479 430 549 469; x_wconf 90' lang='lat' dir='ltr'><strong>illa</strong></span> <span class='ocrx_word' id='word_1_23' title='bbox 578 443 737 484; x_wconf 83' lang='lat' dir='ltr'><strong>genera</strong></span> <span class='ocrx_word' id='word_1_24' title='bbox 767 430 1041 484; x_wconf 80' lang='lat' dir='ltr'><strong>distinguere,</strong></span> <span class='ocrx_word' id='word_1_25' title='bbox 1071 437 1115 469; x_wconf 91' lang='lat' dir='ltr'><strong>et</strong></span> <span class='ocrx_word' id='word_1_26' title='bbox 1143 431 1186 468; x_wconf 91' lang='lat' dir='ltr'><strong>in</strong></span> <span class='ocrx_word' id='word_1_27' title='bbox 1217 429 1542 485; x_wconf 87' lang='lat' dir='ltr'><strong>interpretando</strong></span> 
     </span>
     <span class='ocr_line' id='line_1_5' title="bbox 80 502 1544 560; baseline -0.001 -15"><span class='ocrx_word' id='word_1_28' title='bbox 80 504 203 560; x_wconf 79' lang='lat' dir='ltr'><strong>sequi</strong></span> <span class='ocrx_word' id='word_1_29' title='bbox 231 504 336 544; x_wconf 89' lang='lat' dir='ltr'><strong>illud</strong></span> <span class='ocrx_word' id='word_1_30' title='bbox 372 504 524 553; x_wconf 87' lang='lat' dir='ltr'><strong>m0d0,</strong></span> <span class='ocrx_word' id='word_1_31' title='bbox 572 503 688 559; x_wconf 93' lang='lat' dir='ltr'><strong>quod</strong></span> <span class='ocrx_word' id='word_1_32' title='bbox 740 504 975 543; x_wconf 78' lang='lat' dir='ltr'><strong>historiam</strong></span> <span class='ocrx_word' id='word_1_33' title='bbox 1010 509 1210 553; x_wconf 85' lang='lat' dir='ltr'><strong>teneret,</strong></span> <span class='ocrx_word' id='word_1_34' title='bbox 1248 511 1292 542; x_wconf 87' lang='lat' dir='ltr'><strong>et</strong></span> <span class='ocrx_word' id='word_1_35' title='bbox 1324 516 1372 542; x_wconf 92' lang='lat' dir='ltr'><strong>ea</strong></span> <span class='ocrx_word' id='word_1_36' title='bbox 1414 502 1544 543; x_wconf 87' lang='lat' dir='ltr'><strong>modo</strong></span> 
     </span>
     <span class='ocr_line' id='line_1_6' title="bbox 79 576 1538 630; baseline -0.004 -8"><span class='ocrx_word' id='word_1_37' title='bbox 79 579 275 622; x_wconf 81' lang='lat' dir='ltr'><strong>vaticinia</strong></span> <span class='ocrx_word' id='word_1_38' title='bbox 303 578 355 618; x_wconf 87' lang='lat' dir='ltr'><strong>ad</strong></span> <span class='ocrx_word' id='word_1_39' title='bbox 385 577 603 618; x_wconf 86' lang='lat' dir='ltr'><strong>Christum</strong></span> <span class='ocrx_word' id='word_1_40' title='bbox 631 576 827 627; x_wconf 78' lang='lat' dir='ltr'><strong>referre,</strong></span> <span class='ocrx_word' id='word_1_41' title='bbox 866 577 916 616; x_wconf 89' lang='lat' dir='ltr'><strong>iis</strong></span> <span class='ocrx_word' id='word_1_42' title='bbox 946 576 1047 616; x_wconf 89' lang='lat' dir='ltr'><strong>solis</strong></span> <span class='ocrx_word' id='word_1_43' title='bbox 1086 577 1148 616; x_wconf 83' lang='lat' dir='ltr'><strong>uti</strong></span> <span class='ocrx_word' id='word_1_44' title='bbox 1188 577 1231 615; x_wconf 90' lang='lat' dir='ltr'><strong>in</strong></span> <span class='ocrx_word' id='word_1_45' title='bbox 1270 576 1538 630; x_wconf 88' lang='lat' dir='ltr'><strong>disputando,</strong></span> 
     </span>
     <span class='ocr_line' id='line_1_7' title="bbox 79 650 1545 709; baseline -0.003 -15"><span class='ocrx_word' id='word_1_46' title='bbox 79 654 124 694; x_wconf 89' lang='lat' dir='ltr'><strong>in</strong></span> <span class='ocrx_word' id='word_1_47' title='bbox 152 652 304 709; x_wconf 91' lang='lat' dir='ltr'><strong>quibus</strong></span> <span class='ocrx_word' id='word_1_48' title='bbox 333 652 512 706; x_wconf 88' lang='lat' dir='ltr'>proprie</span> <span class='ocrx_word' id='word_1_49' title='bbox 544 651 597 691; x_wconf 89' lang='lat' dir='ltr'><strong>de</strong></span> <span class='ocrx_word' id='word_1_50' title='bbox 628 665 681 692; x_wconf 94' lang='lat' dir='ltr'><strong>eo</strong></span> <span class='ocrx_word' id='word_1_51' title='bbox 715 660 757 691; x_wconf 86' lang='lat' dir='ltr'><strong>et</strong></span> <span class='ocrx_word' id='word_1_52' title='bbox 787 665 873 692; x_wconf 90' lang='lat' dir='ltr'><strong>uno</strong></span> <span class='ocrx_word' id='word_1_53' title='bbox 907 665 1047 691; x_wconf 90' lang='lat' dir='ltr'><strong>sermo</strong></span> <span class='ocrx_word' id='word_1_54' title='bbox 1079 659 1192 691; x_wconf 92' lang='lat' dir='ltr'><strong>esset</strong></span> <span class='ocrx_word' id='word_1_55' title='bbox 1232 650 1434 704; x_wconf 88' lang='lat' dir='ltr'><strong>(Hieron.</strong></span> <span class='ocrx_word' id='word_1_56' title='bbox 1465 657 1545 690; x_wconf 87' lang='lat' dir='ltr'><strong>cat.</strong></span> 
     </span>
     <span class='ocr_line' id='line_1_8' title="bbox 80 710 1548 782; baseline -0.001 -15"><span class='ocrx_word' id='word_1_57' title='bbox 80 727 226 782; x_wconf 86' lang='lat' dir='ltr'><strong>script.</strong></span> <span class='ocrx_word' id='word_1_58' title='bbox 255 726 361 767; x_wconf 87' lang='lat' dir='ltr'><strong>eccl.</strong></span> <span class='ocrx_word' id='word_1_59' title='bbox 392 739 429 767; x_wconf 90' lang='lat' dir='ltr'><strong>c.</strong></span> <span class='ocrx_word' id='word_1_60' title='bbox 464 732 589 782; x_wconf 79' lang='lat'><strong>119),</strong></span> <span class='ocrx_word' id='word_1_61' title='bbox 619 727 734 782; x_wconf 85' lang='lat' dir='ltr'><strong>quod</strong></span> <span class='ocrx_word' id='word_1_62' title='bbox 774 725 954 766; x_wconf 76' lang='lat' dir='ltr'><strong>fortasse</strong></span> <span class='ocrx_word' id='word_1_63' title='bbox 984 726 1027 764; x_wconf 93' lang='lat' dir='ltr'><strong>in</strong></span> <span class='ocrx_word' id='word_1_64' title='bbox 1059 710 1194 779; x_wconf 66' lang='lat' dir='ltr'><strong>opere</strong></span> <span class='ocrx_word' id='word_1_65' title='bbox 1240 723 1443 764; x_wconf 88' lang='lat' dir='ltr'><strong>adversus</strong></span> <span class='ocrx_word' id='word_1_66' title='bbox 1474 724 1548 765; x_wconf 91' lang='lat' dir='ltr'><strong>Ju-</strong></span> 
     </span>
     <span class='ocr_line' id='line_1_9' title="bbox 79 797 1549 857; baseline -0.003 -16"><span class='ocrx_word' id='word_1_67' title='bbox 79 800 208 841; x_wconf 87' lang='lat' dir='ltr'><strong>daeos</strong></span> <span class='ocrx_word' id='word_1_68' title='bbox 236 800 358 855; x_wconf 87' lang='lat' dir='ltr'><strong>(ibid.</strong></span> <span class='ocrx_word' id='word_1_69' title='bbox 389 814 424 841; x_wconf 92' lang='lat' dir='ltr'><strong>c.</strong></span> <span class='ocrx_word' id='word_1_70' title='bbox 455 800 543 857; x_wconf 86' lang='lat'>9¹·)</span> <span class='ocrx_word' id='word_1_71' title='bbox 574 798 679 840; x_wconf 89' lang='lat' dir='ltr'><strong>fecit</strong></span> <span class='ocrx_word' id='word_1_72' title='bbox 709 799 751 838; x_wconf 91' lang='lat' dir='ltr'><strong>in</strong></span> <span class='ocrx_word' id='word_1_73' title='bbox 780 799 954 853; x_wconf 84' lang='lat' dir='ltr'><strong>primis3</strong></span> <span class='ocrx_word' id='word_1_74' title='bbox 1005 798 1115 837; x_wconf 88' lang='lat' dir='ltr'><strong>sicut</strong></span> <span class='ocrx_word' id='word_1_75' title='bbox 1145 806 1190 838; x_wconf 91' lang='lat' dir='ltr'><strong>et</strong></span> <span class='ocrx_word' id='word_1_76' title='bbox 1218 805 1357 838; x_wconf 87' lang='lat' dir='ltr'><strong>totum</strong></span> <span class='ocrx_word' id='word_1_77' title='bbox 1391 797 1549 852; x_wconf 89' lang='lat' dir='ltr'><strong>allego-</strong></span> 
     </span>
     <span class='ocr_line' id='line_1_10' title="bbox 79 871 1546 931; baseline -0.002 -17"><span class='ocrx_word' id='word_1_78' title='bbox 79 874 218 915; x_wconf 88' lang='lat' dir='ltr'><strong>ricum</strong></span> <span class='ocrx_word' id='word_1_79' title='bbox 246 889 407 931; x_wconf 85' lang='lat' dir='ltr'><strong>genus,</strong></span> <span class='ocrx_word' id='word_1_80' title='bbox 446 875 562 930; x_wconf 87' lang='lat' dir='ltr'><strong>quod</strong></span> <span class='ocrx_word' id='word_1_81' title='bbox 602 874 822 914; x_wconf 82' lang='lat' dir='ltr'><strong>historiam</strong></span> <span class='ocrx_word' id='word_1_82' title='bbox 862 872 914 912; x_wconf 90' lang='lat' dir='ltr'><strong>ad</strong></span> <span class='ocrx_word' id='word_1_83' title='bbox 961 886 1031 912; x_wconf 90' lang='lat' dir='ltr'><strong>res</strong></span> <span class='ocrx_word' id='word_1_84' title='bbox 1062 871 1355 926; x_wconf 82' lang='lat' dir='ltr'><strong>intelligibiles</strong></span> <span class='ocrx_word' id='word_1_85' title='bbox 1400 871 1546 921; x_wconf 86' lang='lat' dir='ltr'><strong>trahit,</strong></span> 
     </span>
     <span class='ocr_line' id='line_1_11' title="bbox 80 944 1546 1002; baseline -0.003 -15"><span class='ocrx_word' id='word_1_86' title='bbox 80 947 124 988; x_wconf 91' lang='lat' dir='ltr'><strong>in</strong></span> <span class='ocrx_word' id='word_1_87' title='bbox 163 947 346 989; x_wconf 89' lang='lat' dir='ltr'><strong>dicendo</strong></span> <span class='ocrx_word' id='word_1_88' title='bbox 396 947 712 1002; x_wconf 84' lang='lat' dir='ltr'><strong>scribendoque</strong></span> <span class='ocrx_word' id='word_1_89' title='bbox 769 946 1032 1002; x_wconf 84' lang='lat' dir='ltr'><strong>repudiabat.</strong></span> <span class='ocrx_word' id='word_1_90' title='bbox 1116 946 1222 985; x_wconf 92' lang='lat' dir='ltr'><strong>Cum</strong></span> <span class='ocrx_word' id='word_1_91' title='bbox 1262 944 1362 984; x_wconf 87' lang='lat' dir='ltr'><strong>libri</strong></span> <span class='ocrx_word' id='word_1_92' title='bbox 1403 945 1494 998; x_wconf 88' lang='lat' dir='ltr'><strong>ejus</strong></span> <span class='ocrx_word' id='word_1_93' title='bbox 1522 959 1546 984; x_wconf 88' lang='lat' dir='ltr'><strong>a</strong></span> 
     </span>
     <span class='ocr_line' id='line_1_12' title="bbox 79 1018 1547 1076; baseline -0.003 -14"><span class='ocrx_word' id='word_1_94' title='bbox 79 1022 304 1076; x_wconf 87' lang='lat' dir='ltr'><strong>permultis</strong></span> <span class='ocrx_word' id='word_1_95' title='bbox 333 1021 606 1076; x_wconf 86' lang='lat' dir='ltr'><strong>legerentur,</strong></span> <span class='ocrx_word' id='word_1_96' title='bbox 634 1029 776 1061; x_wconf 87' lang='lat' dir='ltr'><strong>tamen</strong></span> <span class='ocrx_word' id='word_1_97' title='bbox 805 1034 876 1061; x_wconf 92' lang='lat' dir='ltr'><strong>res</strong></span> <span class='ocrx_word' id='word_1_98' title='bbox 906 1035 993 1061; x_wconf 92' lang='lat' dir='ltr'><strong>non</strong></span> <span class='ocrx_word' id='word_1_99' title='bbox 1022 1028 1088 1061; x_wconf 90' lang='lat' dir='ltr'><strong>est</strong></span> <span class='ocrx_word' id='word_1_100' title='bbox 1117 1018 1344 1060; x_wconf 83' lang='lat' dir='ltr'><strong>admodum</strong></span> <span class='ocrx_word' id='word_1_101' title='bbox 1367 1018 1547 1059; x_wconf 91' lang='lat' dir='ltr'><strong>animad-</strong></span> 
     </span>
     <span class='ocr_line' id='line_1_13' title="bbox 79 1093 1549 1149; baseline -0.003 -14"><span class='ocrx_word' id='word_1_102' title='bbox 79 1107 227 1147; x_wconf 84' lang='lat' dir='ltr'><strong>versa,</strong></span> <span class='ocrx_word' id='word_1_103' title='bbox 257 1103 328 1135; x_wconf 88' lang='lat' dir='ltr'><strong>aut</strong></span> <span class='ocrx_word' id='word_1_104' title='bbox 357 1094 620 1149; x_wconf 89' lang='lat' dir='ltr'><strong>reprehensa</strong></span> <span class='ocrx_word' id='word_1_105' title='bbox 650 1103 692 1134; x_wconf 91' lang='lat' dir='ltr'><strong>et</strong></span> <span class='ocrx_word' id='word_1_106' title='bbox 721 1095 773 1134; x_wconf 92' lang='lat' dir='ltr'><strong>ad</strong></span> <span class='ocrx_word' id='word_1_107' title='bbox 808 1095 1006 1135; x_wconf 80' lang='lat' dir='ltr'><strong>invidiam</strong></span> <span class='ocrx_word' id='word_1_108' title='bbox 1035 1095 1077 1134; x_wconf 92' lang='lat' dir='ltr'><strong>ei</strong></span> <span class='ocrx_word' id='word_1_109' title='bbox 1114 1093 1350 1134; x_wconf 86' lang='lat' dir='ltr'><strong>faciendam</strong></span> <span class='ocrx_word' id='word_1_110' title='bbox 1385 1100 1549 1133; x_wconf 84' lang='lat' dir='ltr'><strong>tracta:</strong></span> 
     </span>
     <span class='ocr_line' id='line_1_14' title="bbox 81 1166 1547 1225; baseline -0.003 -16"><span class='ocrx_word' id='word_1_111' title='bbox 81 1168 197 1222; x_wconf 83' lang='lat' dir='ltr'><strong>sive,</strong></span> <span class='ocrx_word' id='word_1_112' title='bbox 227 1169 342 1225; x_wconf 86' lang='lat' dir='ltr'><strong>quod</strong></span> <span class='ocrx_word' id='word_1_113' title='bbox 370 1168 636 1224; x_wconf 82' lang='lat' dir='ltr'><strong>eloquentia,</strong></span> <span class='ocrx_word' id='word_1_114' title='bbox 663 1177 847 1223; x_wconf 86' lang='lat' dir='ltr'><strong>propter</strong></span> <span class='ocrx_word' id='word_1_115' title='bbox 885 1183 1008 1225; x_wconf 89' lang='lat' dir='ltr'><strong>quam</strong></span> <span class='ocrx_word' id='word_1_116' title='bbox 1045 1168 1299 1223; x_wconf 86' lang='lat' dir='ltr'><strong>legebantur</strong></span> <span class='ocrx_word' id='word_1_117' title='bbox 1338 1166 1547 1220; x_wconf 87' lang='lat' dir='ltr'><strong>cupidius,</strong></span> 
     </span>
     <span class='ocr_line' id='line_1_15' title="bbox 81 1240 1545 1298; baseline -0.001 -17"><span class='ocrx_word' id='word_1_118' title='bbox 81 1254 176 1282; x_wconf 90' lang='lat' dir='ltr'><strong>rem</strong></span> <span class='ocrx_word' id='word_1_119' title='bbox 213 1250 407 1298; x_wconf 86' lang='lat' dir='ltr'><strong>tegeret,</strong></span> <span class='ocrx_word' id='word_1_120' title='bbox 451 1242 563 1293; x_wconf 87' lang='lat' dir='ltr'><strong>sive,</strong></span> <span class='ocrx_word' id='word_1_121' title='bbox 603 1242 720 1298; x_wconf 89' lang='lat' dir='ltr'><strong>quod</strong></span> <span class='ocrx_word' id='word_1_122' title='bbox 769 1242 873 1281; x_wconf 89' lang='lat' dir='ltr'><strong>nihil</strong></span> <span class='ocrx_word' id='word_1_123' title='bbox 910 1242 1185 1282; x_wconf 82' lang='lat' dir='ltr'><strong>invidendum</strong></span> <span class='ocrx_word' id='word_1_124' title='bbox 1225 1248 1338 1281; x_wconf 88' lang='lat' dir='ltr'><strong>esset</strong></span> <span class='ocrx_word' id='word_1_125' title='bbox 1379 1240 1421 1279; x_wconf 93' lang='lat' dir='ltr'><strong>in</strong></span> <span class='ocrx_word' id='word_1_126' title='bbox 1451 1240 1545 1295; x_wconf 90' lang='lat' dir='ltr'><strong>ejus</strong></span> 
     </span>
     <span class='ocr_line' id='line_1_16' title="bbox 82 1314 1547 1371; baseline -0.004 -12"><span class='ocrx_word' id='word_1_127' title='bbox 82 1318 269 1359; x_wconf 83' lang='lat' dir='ltr'><strong>fortuna.</strong></span> <span class='ocrx_word' id='word_1_128' title='bbox 326 1317 382 1356; x_wconf 91' lang='lat' dir='ltr'><strong>Et</strong></span> <span class='ocrx_word' id='word_1_129' title='bbox 410 1324 500 1356; x_wconf 89' lang='lat' dir='ltr'><strong>tum</strong></span> <span class='ocrx_word' id='word_1_130' title='bbox 543 1324 663 1356; x_wconf 84' lang='lat' dir='ltr'><strong>erant</strong></span> <span class='ocrx_word' id='word_1_131' title='bbox 702 1315 806 1367; x_wconf 90' lang='lat' dir='ltr'><strong>alia,</strong></span> <span class='ocrx_word' id='word_1_132' title='bbox 845 1328 953 1371; x_wconf 91' lang='lat' dir='ltr'><strong>quae</strong></span> <span class='ocrx_word' id='word_1_133' title='bbox 993 1323 1256 1370; x_wconf 84' lang='lat' dir='ltr'><strong>occuparent</strong></span> <span class='ocrx_word' id='word_1_134' title='bbox 1298 1314 1458 1355; x_wconf 88' lang='lat' dir='ltr'><strong>animos</strong></span> <span class='ocrx_word' id='word_1_135' title='bbox 1502 1320 1547 1353; x_wconf 89' lang='lat' dir='ltr'><strong>et</strong></span> 
     </span>
     <span class='ocr_line' id='line_1_17' title="bbox 82 1388 582 1445; baseline 0 -15"><span class='ocrx_word' id='word_1_136' title='bbox 82 1389 245 1444; x_wconf 83' lang='lat' dir='ltr'><strong>linguas</strong></span> <span class='ocrx_word' id='word_1_137' title='bbox 274 1388 582 1445; x_wconf 79' lang='lat' dir='ltr'><strong>calamosque.“</strong></span> 
     </span>
    </p>
   </div>
   <div class='ocr_carea' id='block_1_3' title="bbox 85 1478 1552 2046">
    <p class='ocr_par' dir='ltr' id='par_1_3' title="bbox 85 1478 1552 2046">
     <span class='ocr_line' id='line_1_18' title="bbox 191 1478 1548 1534; baseline -0.001 -15"><span class='ocrx_word' id='word_1_138' title='bbox 191 1480 404 1534; x_wconf 86' lang='lat' dir='ltr'><strong>Loquitur</strong></span> <span class='ocrx_word' id='word_1_139' title='bbox 434 1480 586 1521; x_wconf 87' lang='lat' dir='ltr'><strong>deinde</strong></span> <span class='ocrx_word' id='word_1_140' title='bbox 616 1489 766 1521; x_wconf 83' lang='lat' dir='ltr'><strong>auctor</strong></span> <span class='ocrx_word' id='word_1_141' title='bbox 795 1480 848 1520; x_wconf 89' lang='lat' dir='ltr'><strong>de</strong></span> <span class='ocrx_word' id='word_1_142' title='bbox 876 1479 1055 1520; x_wconf 91' lang='lat' dir='ltr'><strong>Eusebii</strong></span> <span class='ocrx_word' id='word_1_143' title='bbox 1097 1478 1304 1534; x_wconf 89' lang='lat' dir='ltr'><strong>discipulo</strong></span> <span class='ocrx_word' id='word_1_144' title='bbox 1343 1479 1548 1519; x_wconf 80' lang='lat' dir='ltr'><strong>Diodoro</strong></span> 
     </span>
     <span class='ocr_line' id='line_1_19' title="bbox 85 1552 1550 1607; baseline -0.001 -14"><span class='ocrx_word' id='word_1_145' title='bbox 85 1553 297 1593; x_wconf 69' lang='lat' dir='ltr'><strong>Tarsensi</strong></span> <span class='ocrx_word' id='word_1_146' title='bbox 324 1555 396 1603; x_wconf 70' lang='lat'><strong>¹¹),</strong></span> <span class='ocrx_word' id='word_1_147' title='bbox 425 1552 634 1607; x_wconf 88' lang='lat' dir='ltr'><strong>hujusque</strong></span> <span class='ocrx_word' id='word_1_148' title='bbox 664 1553 828 1593; x_wconf 90' lang='lat' dir='ltr'><strong>duobus</strong></span> <span class='ocrx_word' id='word_1_149' title='bbox 870 1552 1084 1607; x_wconf 85' lang='lat' dir='ltr'><strong>discipulis</strong></span> <span class='ocrx_word' id='word_1_150' title='bbox 1126 1552 1364 1593; x_wconf 89' lang='lat' dir='ltr'><strong>clarissimis</strong></span> <span class='ocrx_word' id='word_1_151' title='bbox 1404 1554 1550 1592; x_wconf 85' lang='lat' dir='ltr'><strong>leeo-</strong></span> 
     </span>
     <span class='ocr_line' id='line_1_20' title="bbox 86 1628 1549 1681; baseline -0.002 -13"><span class='ocrx_word' id='word_1_152' title='bbox 86 1628 197 1668; x_wconf 84' lang='lat' dir='ltr'><strong>doro</strong></span> <span class='ocrx_word' id='word_1_153' title='bbox 225 1628 524 1681; x_wconf 71' lang='lat' dir='ltr'><strong>flIopsvesteno</strong></span> <span class='ocrx_word' id='word_1_154' title='bbox 553 1635 596 1667; x_wconf 82' lang='lat' dir='ltr'><strong>et</strong></span> <span class='ocrx_word' id='word_1_155' title='bbox 624 1629 798 1667; x_wconf 83' lang='lat' dir='ltr'><strong>Joanne</strong></span> <span class='ocrx_word' id='word_1_156' title='bbox 828 1628 1164 1679; x_wconf 76' lang='lat' dir='ltr'><strong>Clzrysostomo,</strong></span> <span class='ocrx_word' id='word_1_157' title='bbox 1207 1640 1389 1681; x_wconf 79' lang='lat' dir='ltr'><strong>quorum</strong></span> <span class='ocrx_word' id='word_1_158' title='bbox 1430 1634 1549 1666; x_wconf 85' lang='lat' dir='ltr'><strong>uter-</strong></span> 
     </span>
     <span class='ocr_line' id='line_1_21' title="bbox 85 1700 1550 1755; baseline 0.001 -17"><span class='ocrx_word' id='word_1_159' title='bbox 85 1713 168 1755; x_wconf 87' lang='lat' dir='ltr'><strong>que</strong></span> <span class='ocrx_word' id='word_1_160' title='bbox 198 1700 443 1741; x_wconf 85' lang='lat' dir='ltr'><strong>historicam</strong></span> <span class='ocrx_word' id='word_1_161' title='bbox 472 1700 894 1754; x_wconf 74' lang='lat' dir='ltr'><strong>interpretationem,</strong></span> <span class='ocrx_word' id='word_1_162' title='bbox 925 1715 1005 1754; x_wconf 87' lang='lat' dir='ltr'><strong>qua</strong></span> <span class='ocrx_word' id='word_1_163' title='bbox 1033 1707 1328 1754; x_wconf 86' lang='lat' dir='ltr'><strong>praecesserat</strong></span> <span class='ocrx_word' id='word_1_164' title='bbox 1373 1701 1550 1739; x_wconf 86' lang='lat' dir='ltr'><strong>Emese-</strong></span> 
     </span>
     <span class='ocr_line' id='line_1_22' title="bbox 86 1774 1549 1830; baseline 0 -16"><span class='ocrx_word' id='word_1_165' title='bbox 86 1789 189 1823; x_wconf 89' lang='lat' dir='ltr'><strong>nus,</strong></span> <span class='ocrx_word' id='word_1_166' title='bbox 217 1774 348 1827; x_wconf 78' lang='lat' dir='ltr'><strong>magis</strong></span> <span class='ocrx_word' id='word_1_167' title='bbox 376 1774 593 1830; x_wconf 86' lang='lat' dir='ltr'><strong>magisque</strong></span> <span class='ocrx_word' id='word_1_168' title='bbox 636 1775 869 1815; x_wconf 68' lang='lat' dir='ltr'><strong>exornavit.</strong></span> <span class='ocrx_word' id='word_1_169' title='bbox 928 1774 1183 1814; x_wconf 84' lang='lat' dir='ltr'><strong>Theodorus</strong></span> <span class='ocrx_word' id='word_1_170' title='bbox 1223 1777 1549 1829; x_wconf 83' lang='lat' dir='ltr'><strong>Mopsvestenus</strong></span> 
     </span>
     <span class='ocr_line' id='line_1_23' title="bbox 87 1845 1550 1902; baseline 0 -16"><span class='ocrx_word' id='word_1_171' title='bbox 87 1847 199 1887; x_wconf 88' lang='lat' dir='ltr'><strong>libro</strong></span> <span class='ocrx_word' id='word_1_172' title='bbox 228 1860 305 1886; x_wconf 90' lang='lat' dir='ltr'><strong>suo</strong></span> <span class='ocrx_word' id='word_1_173' title='bbox 336 1857 496 1887; x_wconf 86' lang='lat' dir='ltr'><strong>contra</strong></span> <span class='ocrx_word' id='word_1_174' title='bbox 525 1849 818 1901; x_wconf 81' lang='lat' dir='ltr'><strong>Allegoristas</strong></span> <span class='ocrx_word' id='word_1_175' title='bbox 845 1846 967 1886; x_wconf 83' lang='lat' dir='ltr'><strong>valde</strong></span> <span class='ocrx_word' id='word_1_176' title='bbox 1000 1847 1216 1901; x_wconf 87' lang='lat' dir='ltr'><strong>displicuit</strong></span> <span class='ocrx_word' id='word_1_177' title='bbox 1257 1845 1459 1902; x_wconf 88' lang='lat' dir='ltr'><strong>Origenis</strong></span> <span class='ocrx_word' id='word_1_178' title='bbox 1487 1862 1550 1886; x_wconf 88' lang='lat' dir='ltr'><strong>as·</strong></span> 
     </span>
     <span class='ocr_line' id='line_1_24' title="bbox 89 1908 1552 1977; baseline 0.002 -19"><span class='ocrx_word' id='word_1_179' title='bbox 89 1919 237 1970; x_wconf 88' lang='lat' dir='ltr'><strong>seclis,</strong></span> <span class='ocrx_word' id='word_1_180' title='bbox 266 1908 310 1960; x_wconf 84' lang='lat' dir='ltr'><strong>et</strong></span> <span class='ocrx_word' id='word_1_181' title='bbox 343 1920 394 1960; x_wconf 93' lang='lat' dir='ltr'><strong>ab</strong></span> <span class='ocrx_word' id='word_1_182' title='bbox 426 1921 530 1972; x_wconf 89' lang='lat' dir='ltr'><strong>illis,</strong></span> <span class='ocrx_word' id='word_1_183' title='bbox 559 1936 653 1961; x_wconf 87' lang='lat' dir='ltr'><strong>cum</strong></span> <span class='ocrx_word' id='word_1_184' title='bbox 681 1923 879 1962; x_wconf 81' lang='lat' dir='ltr'><strong>Nestorii</strong></span> <span class='ocrx_word' id='word_1_185' title='bbox 906 1929 949 1961; x_wconf 90' lang='lat' dir='ltr'><strong>et</strong></span> <span class='ocrx_word' id='word_1_186' title='bbox 979 1922 1242 1962; x_wconf 77' lang='lat' dir='ltr'><strong>Theodoreti</strong></span> <span class='ocrx_word' id='word_1_187' title='bbox 1278 1930 1390 1962; x_wconf 87' lang='lat' dir='ltr'><strong>esset</strong></span> <span class='ocrx_word' id='word_1_188' title='bbox 1427 1936 1552 1977; x_wconf 87' lang='lat' dir='ltr'><strong>prae-</strong></span> 
     </span>
     <span class='ocr_line' id='line_1_25' title="bbox 90 1992 1549 2046; baseline 0.003 -15"><span class='ocrx_word' id='word_1_189' title='bbox 90 1994 509 2046; x_wconf 75' lang='lat' dir='ltr'><strong>cept01·,Judaismi</strong></span> <span class='ocrx_word' id='word_1_190' title='bbox 538 1992 620 2035; x_wconf 75' lang='lat' dir='ltr'><strong>fuit</strong></span> <span class='ocrx_word' id='word_1_191' title='bbox 649 2003 878 2035; x_wconf 83' lang='lat' dir='ltr'><strong>accusatus.</strong></span> <span class='ocrx_word' id='word_1_192' title='bbox 912 1995 960 2033; x_wconf 90' lang='lat' dir='ltr'><strong>In</strong></span> <span class='ocrx_word' id='word_1_193' title='bbox 977 1995 1271 2035; x_wconf 83' lang='lat' dir='ltr'><strong>controversia</strong></span> <span class='ocrx_word' id='word_1_194' title='bbox 1297 1996 1549 2035; x_wconf 85' lang='lat' dir='ltr'><strong>Nestoriana</strong></span> 
     </span>
    </p>
   </div>
   <div class='ocr_carea' id='block_1_4' title="bbox 161 2239 1547 2681">
    <p class='ocr_par' dir='ltr' id='par_1_4' title="bbox 161 2239 1547 2681">
     <span class='ocr_line' id='line_1_26' title="bbox 161 2239 1547 2287; baseline 0.002 -15"><span class='ocrx_word' id='word_1_195' title='bbox 161 2239 198 2280; x_wconf 77' lang='lat'><strong>&#39;&#39;)</strong></span> <span class='ocrx_word' id='word_1_196' title='bbox 225 2239 379 2278; x_wconf 87' lang='lat' dir='ltr'><strong>Mirum,</strong></span> <span class='ocrx_word' id='word_1_197' title='bbox 410 2240 511 2287; x_wconf 87' lang='lat' dir='ltr'><strong>quod</strong></span> <span class='ocrx_word' id='word_1_198' title='bbox 542 2241 735 2274; x_wconf 82' lang='lat' dir='ltr'><strong>Ernestius</strong></span> <span class='ocrx_word' id='word_1_199' title='bbox 769 2242 1068 2286; x_wconf 73' lang='lat' dir='ltr'><strong>praetermiserit</strong></span> <span class='ocrx_word' id='word_1_200' title='bbox 1093 2244 1350 2277; x_wconf 83' lang='lat' dir='ltr'><strong>testimonium</strong></span> <span class='ocrx_word' id='word_1_201' title='bbox 1380 2243 1426 2276; x_wconf 81' lang='lat' dir='ltr'><strong>de</strong></span> <span class='ocrx_word' id='word_1_202' title='bbox 1453 2243 1547 2276; x_wconf 82' lang='lat' dir='ltr'><strong>Dio-</strong></span> 
     </span>
     <span class='ocr_line' id='line_1_27' title="bbox 231 2305 1546 2353; baseline 0.004 -16"><span class='ocrx_word' id='word_1_203' title='bbox 231 2305 326 2338; x_wconf 81' lang='lat' dir='ltr'><strong>doro</strong></span> <span class='ocrx_word' id='word_1_204' title='bbox 358 2307 548 2346; x_wconf 74' lang='lat' dir='ltr'><strong>Tarsensi,</strong></span> <span class='ocrx_word' id='word_1_205' title='bbox 578 2307 679 2353; x_wconf 88' lang='lat' dir='ltr'><strong>quod</strong></span> <span class='ocrx_word' id='word_1_206' title='bbox 705 2319 792 2352; x_wconf 85' lang='lat' dir='ltr'><strong>prae</strong></span> <span class='ocrx_word' id='word_1_207' title='bbox 819 2308 954 2340; x_wconf 81' lang='lat' dir='ltr'><strong>ceteris</strong></span> <span class='ocrx_word' id='word_1_208' title='bbox 981 2308 1053 2341; x_wconf 89' lang='lat' dir='ltr'><strong>huc</strong></span> <span class='ocrx_word' id='word_1_209' title='bbox 1083 2308 1190 2348; x_wconf 80' lang='lat' dir='ltr'><strong>facit,</strong></span> <span class='ocrx_word' id='word_1_210' title='bbox 1229 2308 1329 2353; x_wconf 83' lang='lat' dir='ltr'><strong>apud</strong></span> <span class='ocrx_word' id='word_1_211' title='bbox 1356 2309 1546 2343; x_wconf 80' lang='lat' dir='ltr'><strong>Socratem</strong></span> 
     </span>
     <span class='ocr_line' id='line_1_28' title="bbox 226 2370 1547 2419; baseline 0.006 -17"><span class='ocrx_word' id='word_1_212' title='bbox 226 2370 310 2402; x_wconf 56' lang='lat' dir='ltr'><strong>hist.</strong></span> <span class='ocrx_word' id='word_1_213' title='bbox 339 2371 424 2403; x_wconf 80' lang='lat' dir='ltr'><strong>eccl.</strong></span> <span class='ocrx_word' id='word_1_214' title='bbox 456 2371 521 2404; x_wconf 91' lang='lat' dir='ltr'><strong>lib.</strong></span> <span class='ocrx_word' id='word_1_215' title='bbox 547 2371 608 2405; x_wconf 78' lang='lat' dir='ltr'><strong>Vl.</strong></span> <span class='ocrx_word' id='word_1_216' title='bbox 636 2384 665 2405; x_wconf 88' lang='lat' dir='ltr'><strong>c.</strong></span> <span class='ocrx_word' id='word_1_217' title='bbox 693 2371 746 2404; x_wconf 85' lang='lat'><strong>3.:</strong></span> <span class='ocrx_word' id='word_1_218' title='bbox 778 2370 1202 2417; x_wconf 56' lang='grc' dir='ltr'><em>Διόδωρος-,ἐπίσκοπος</em></span> <span class='ocrx_word' id='word_1_219' title='bbox 1240 2370 1359 2419; x_wconf 54' lang='lat' dir='ltr'><strong>Taya&amp;</strong></span> <span class='ocrx_word' id='word_1_220' title='bbox 1394 2371 1547 2419; x_wconf 75' lang='grc' dir='ltr'><em>γενόμε-</em></span> 
     </span>
     <span class='ocr_line' id='line_1_29' title="bbox 228 2432 1547 2484; baseline 0.003 -14"><span class='ocrx_word' id='word_1_221' title='bbox 228 2447 309 2478; x_wconf 70' lang='grc' dir='ltr'><strong><em>νος,</em></strong></span> <span class='ocrx_word' id='word_1_222' title='bbox 345 2432 458 2470; x_wconf 68' lang='grc' dir='ltr'><em>πολλοὶ</em></span> <span class='ocrx_word' id='word_1_223' title='bbox 495 2435 620 2482; x_wconf 75' lang='grc' dir='ltr'><strong><em>βιβλία</em></strong></span> <span class='ocrx_word' id='word_1_224' title='bbox 652 2440 870 2483; x_wconf 75' lang='grc' dir='ltr'><em>συνέγραψε,</em></span> <span class='ocrx_word' id='word_1_225' title='bbox 904 2434 1029 2482; x_wconf 75' lang='grc' dir='ltr'><strong>ψιλῷ</strong></span> <span class='ocrx_word' id='word_1_226' title='bbox 1067 2435 1130 2482; x_wconf 68' lang='grc' dir='ltr'><strong>τῷ</strong></span> <span class='ocrx_word' id='word_1_227' title='bbox 1171 2436 1413 2484; x_wconf 76' lang='grc' dir='ltr'><em>γράμματι</em></span> <span class='ocrx_word' id='word_1_228' title='bbox 1454 2438 1547 2476; x_wconf 78' lang='grc' dir='ltr'><strong>τῶν</strong></span> 
     </span>
     <span class='ocr_line' id='line_1_30' title="bbox 222 2500 1543 2549; baseline 0.005 -14"><span class='ocrx_word' id='word_1_229' title='bbox 222 2503 364 2536; x_wconf 78' lang='grc' dir='ltr'><em>θείων</em></span> <span class='ocrx_word' id='word_1_230' title='bbox 403 2506 649 2546; x_wconf 76' lang='grc' dir='ltr'><strong><em>προσέχων</em></strong></span> <span class='ocrx_word' id='word_1_231' title='bbox 681 2500 881 2549; x_wconf 64' lang='grc' dir='ltr'><em>γραφῶν,</em></span> <span class='ocrx_word' id='word_1_232' title='bbox 916 2502 993 2538; x_wconf 80' lang='grc' dir='ltr'><strong>τοὶς</strong></span> <span class='ocrx_word' id='word_1_233' title='bbox 1026 2507 1230 2549; x_wconf 79' lang='grc' dir='ltr'><strong><em>θεωρίας</em></strong></span> <span class='ocrx_word' id='word_1_234' title='bbox 1276 2502 1423 2541; x_wconf 72' lang='grc' dir='ltr'><em>αὐτῶν</em></span> <span class='ocrx_word' id='word_1_235' title='bbox 1467 2505 1543 2541; x_wconf 79' lang='grc' dir='ltr'><strong>ἔκ-</strong></span> 
     </span>
     <span class='ocr_line' id='line_1_31' title="bbox 222 2565 1546 2616; baseline 0.005 -16"><span class='ocrx_word' id='word_1_236' title='bbox 222 2565 514 2612; x_wconf 55' lang='grc' dir='ltr'><strong>τρεπόμὲνος·</strong></span> <span class='ocrx_word' id='word_1_237' title='bbox 565 2568 713 2614; x_wconf 85' lang='lat' dir='ltr'><strong>Quibus</strong></span> <span class='ocrx_word' id='word_1_238' title='bbox 743 2568 867 2603; x_wconf 82' lang='lat' dir='ltr'><strong>verbis</strong></span> <span class='ocrx_word' id='word_1_239' title='bbox 895 2577 931 2603; x_wconf 72' lang='lat' dir='ltr'><strong>et</strong></span> <span class='ocrx_word' id='word_1_240' title='bbox 956 2571 1119 2614; x_wconf 73' lang='lat' dir='ltr'><strong>magistri</strong></span> <span class='ocrx_word' id='word_1_241' title='bbox 1149 2570 1337 2616; x_wconf 83' lang='lat' dir='ltr'><strong>(Eusebii)</strong></span> <span class='ocrx_word' id='word_1_242' title='bbox 1366 2578 1404 2606; x_wconf 81' lang='lat' dir='ltr'><strong>et</strong></span> <span class='ocrx_word' id='word_1_243' title='bbox 1431 2572 1546 2607; x_wconf 72' lang='lat' dir='ltr'><strong>‹lisci-</strong></span> 
     </span>
     <span class='ocr_line' id='line_1_32' title="bbox 226 2633 1178 2681; baseline 0.005 -16"><span class='ocrx_word' id='word_1_244' title='bbox 226 2634 306 2678; x_wconf 86' lang='lat' dir='ltr'><strong>puli</strong></span> <span class='ocrx_word' id='word_1_245' title='bbox 332 2633 533 2678; x_wconf 85' lang='lat' dir='ltr'><strong>(Diodori)</strong></span> <span class='ocrx_word' id='word_1_246' title='bbox 563 2633 752 2669; x_wconf 72' lang='lat' dir='ltr'><strong>character</strong></span> <span class='ocrx_word' id='word_1_247' title='bbox 777 2637 916 2681; x_wconf 78' lang='lat' dir='ltr'><strong>optime</strong></span> <span class='ocrx_word' id='word_1_248' title='bbox 948 2637 1178 2681; x_wconf 72' lang='lat' dir='ltr'><strong>exprimitur.</strong></span> 
     </span>
    </p>
   </div>
  </div>
 </body>
</html>
