1773 3032
619 76 913 121 —171—

145 203 195 242 P.
223 214 288 241 20.
321 199 419 239 coll.
449 213 490 253 p.
523 199 587 238 32.
626 197 734 250 Τῆς
762 190 996 251 ’ἡλικίας
1028 192 1171 235 αϋτὲ
1198 194 1495 248 ἐρασθείς.

38 277 106 316 De
139 273 382 327 turpissimo
416 269 727 328 παιδἐραστιάς
756 270 860 310 vitio
895 281 1033 308 sermo
1064 278 1156 305 esse
1186 266 1370 316 videtur,
1384 270 1497 322 quod

36 348 268 396 Diabolus,
311 345 443 384 omnis
486 345 760 398 turpitudinis
800 352 841 383 et
884 341 1122 382 vitiositatis
1162 348 1309 379 auctor
1351 350 1394 380 et
1424 354 1495 394 pa-

36 428 210 469 tronus,
239 419 281 457 in
325 417 497 457 Christo
547 418 756 472 supponit.
826 418 870 456 In
912 410 1059 470 ’ἡλικία
1102 413 1210 452 inest
1251 414 1367 452 notio
1399 427 1497 466 *non

39 493 173 534 solum
202 499 387 530 matura«.-
438 499 480 530 ct
524 492 700 530 idoneae
737 490 904 539 aetatis,
943 488 1018 527 sed
1060 487 1183 527 etiam
1228 494 1410 525 staturae
1445 493 1491 525 et

37 565 199 620 figurae
242 564 469 617 corporis,
512 580 594 618 quo
645 578 768 604 sensu
800 564 925 602 etiam
966 561 1076 615 apud
1119 560 1352 612 scriptores
1397 573 1499 612 pro-

40 637 162 677 fanos
203 641 391 678 sumitur.
452 639 495 676 In
537 638 808 693 sequentibus
851 650 945 690 pag.
985 649 1034 678 20
1072 643 1115 675 et
1157 636 1221 674 32.
1263 633 1498 686 opponitur

37 709 196 766 μικρός
225 720 268 750 ct
298 705 420 754 πάνυ
448 706 600 767 (beldeg
634 713 721 764 (vel
750 705 939 765 εὖτε-λῇ),
970 717 1014 749 et
1042 707 1280 748 Zacchaeus
1314 707 1493 747 dicitur:

37 779 363 840 ἀνθρωπάριον
391 783 579 840 μικρόν,
610 779 730 828 πάνυ
760 781 945 830 εὐτελές.

145 860 194 897 Ρ.
226 869 291 897 21.
325 859 421 898 coll.
464 872 558 911 pag.
598 860 663 899 32.
703 851 820 903 Ἐις
863 850 1213 912 α’ςτόγνωσιν
1262 854 1490 910 ἔφερον.

39 930 148 970 Satis
180 939 278 970 nota
310 940 352 970 et
381 932 479 971 trita
510 939 573 969 cst
603 931 873 985 significatio,
903 946 981 985 qua
1011 923 1264 986 ἀπόγνωσις
1293 929 1406 968 idem
1435 936 1500 968 est

38 1003 153 1058 quod
184 1001 471 1054 α’νελπιστιίι,
504 1004 762 1057 desperatio.
820 1006 887 1043 De
920 1006 1066 1045 eadem
1109 1018 1157 1043 re
1189 1002 1289 1043 dicit
1319 1001 1502 1053 Chryso·
1529 1053 1531 1055 Ι

37 1087 224 1125 stomus:
254 1076 414 1120 ’Ovd‘iv
445 1073 553 1124 ἕτως
582 1076 765 1134 ἰσχυρόν
794 1078 934 1120 ὅπλον
963 1079 1024 1134 τῷ
1054 1070 1263 1133 διαβόλῳ,
1295 1071 1352 1123 οἷς
1382 1069 1500 1117 α’πό-

38 1162 210 1205 γνωσις.
266 1151 402 1190 Lusus
431 1159 656 1203 praeterea
686 1159 750 1190 est
780 1151 1011 1193 verborum
1041 1165 1135 1191 cum
1164 1150 1501 1208 ἐπίγνωσις,

39 1224 155 1279 quod
186 1224 228 1262 in
257 1225 307 1263 N.
338 1224 386 1262 T.
416 1222 543 1263 toties
573 1222 624 1262 de
654 1223 823 1262 salutari
868 1224 1024 1264 Christi
1053 1225 1295 1279 cognitione
1324 1232 1366 1263 et
1387 1224 1505 1263 cultu

39 1299 207 1338 dicitur.
264 1299 311 1336 In
341 1296 613 1351 sequentibus
644 1297 792 1336 studiis
819 1298 1012 1349 Diaboli,
1045 1298 1195 1353 quibus
1235 1300 1287 1339 ad
1328 1313 1374 1339 se
1418 1307 1504 1338 tra-

38 1357 144 1412 here
175 1373 284 1412 solet
312 1379 582 1426 peccatore5‚
616 1372 848 1424 opponitur
877 1387 977 1412 cura
1004 1371 1164 1424 fidelis,
1198 1388 1280 1428 qua
1310 1373 1502 1413 Christus

39 1443 254 1496 homines,
285 1445 383 1484 dum
413 1445 465 1484 ad
492 1438 742 1500 μετάνοιαν
782 1453 918 1495 vocat,
949 1458 1091 1484 secum
1119 1445 1379 1499 conjungere
1409 1435 1504 1486 eos-

40 1530 122 1571 que
150 1517 230 1571 τῆς
261 1515 489 1572 βασιλείας
517 1518 604 1557 τῶν
634 1510 806 1573 ἐρανών
836 1518 1066 1571 participes
1120 1517 1303 1556 reddere
1348 1518 1504 1559 studet.

39 1590 135 1642 Ipse
187 1588 345 1628 fatetur
397 1589 623 1639 Diabolus,
669 1603 713 1628 se
755 1589 989 1630 studiorum
1044 1588 1205 1629 effectu
1258 1590 1453 1643 superari
1481 1605 1505 1630 a

40 1660 236 1700 Christo:
275 1653 449 1708 πάντας
487 1660 599 1716 πρός
641 1655 800 1703 ἑαυτὸν
844 1658 1064 1711 εἵλκυσεν,
1105 1663 1148 1702 οἱ
1187 1655 1354 1710 πάντες
1385 1656 1505 1718 αὐτῷ

40 1731 348 1790 προσέτρεχον.
405 1735 451 1774 Id
480 1735 595 1788 quod
626 1734 750 1773 etiam
779 1732 1050 1774 confirmatur
1091 1737 1220 1775 IIadis
1260 1736 1502 1776 tastimonio

40 1821 134 1862 pag.
166 1808 241 1853 34:
272 1801 440 1853 πάντες
469 1800 659 1862 α’ᾳῆκασί
688 1822 761 1857 σε,
790 1806 860 1848 καὶ
892 1810 951 1863 τῷ
997 1807 1113 1862 Ἶησὲ
1143 1807 1468 1864 προσέδραμον.

147 1880 196 1917 Ρ.
226 1891 291 1918 22.
321 1873 689 1934 Ἐπορεύθην
734 1875 878 1935 πρὸς
925 1881 1025 1928 τές
1059 1883 1229 1938 <PH-33
1284 1898 1359 1940 με
1406 1879 1505 1931 τές

39 1938 291 1998 Ἰεὸαιές
328 1961 409 1992 etc.
469 1954 686 1992 Gloriatur
726 1954 929 1995 Dislmlus
971 1955 1023 1994 de
1056 1970 1126 2005 rc,
1166 1970 1271 2011 quae
1311 1957 1353 1995 in
1383 1958 1426 1996 S.
1459 1958 1506 2002 S.

40 2041 126 2068 non
158 2027 327 2081 quidem
359 2019 469 2067 κατιὶ
501 2019 654 2081 ῥητόν,
684 2027 759 2066 sed
786 2036 924 2066 tamen
954 2026 1064 2069 κατιέ
1097 2021 1300 2069 ὸίιὶνοιαν
1330 2030 1504 2084 legitur.

40 2099 171 2139 Certe
215 2099 257 2138 in
299 2099 588 2138 Pentateucho
635 2100 770 2139 Exod.
818 2101 986 2139 XXXII.
1046 2102 1101 2140 cf.
1140 2104 1286 2142 Actor.
1326 2103 1412 2141 Vll.
1451 2106 1505 2148 40

41 2185 157 2228 seqq.
190 2171 344 2211 ubido
389 2172 626 2212 idololatria
673 2173 961 2213 Israeliten—um
1001 2188 1235 2230 eorumque
1277 2174 1505 2232 μοσχοὶψι-

41 2244 164 2299 τρεία
196 2252 418 2294 narratur,
453 2244 504 2284 dc
536 2244 718 2284 Diabolo
748 2254 942 2300 tanquam
972 2256 1146 2287 auctore
1177 2256 1304 2302 atque
1334 2248 1505 2302 instiga-

40 2325 136 2357 tore
164 2331 249 2356 non
279 2325 343 2356 est
373 2331 526 2357 sermo.
585 2318 670 2357 Sed
701 2320 892 2375 sequitur
931 2321 1011 2374 jam
1045 2334 1096 2360 ex
1132 2334 1208 2371 eo,
1250 2322 1366 2376 quod
1408 2323 1508 2361 Dia-

42 2388 162 2429 bolus
192 2391 270 2444 τῆς
312 2388 513 2437 αἠιστίας
554 2402 780 2444 promotor
810 2402 852 2432 ct
890 2386 1111 2447 ψεύστης,
1154 2403 1360 2449 paterque
1392 2408 1509 2434 men-

42 2461 147 2500 dacii
177 2464 344 2513 (Joann.
382 2465 486 2503 x'lll.
516 2465 604 2517 ΖΗ.)
638 2464 813 2505 dicatur.
841 2467 1112 2505 Notissimum
1141 2474 1294 2515 autem,
1336 2464 1506 2517 ψεῦδος

43 2548 125 2574 non
163 2536 321 2587 solum,
364 2546 409 2576 ut
441 2537 678 2589 Hesychius
722 2538 1051 2594 interpretatur,
1105 2552 1198 2580 esse
1236 2540 1348 2581 idem
1389 2540 1504 2597 quod
