1867 3053
353 295 561 351 ophitas,
587 294 947 346 'Valentinianos‚
991 295 1223 336 Marcosios
1270 296 1452 353 aliasque
1504 297 1804 338 Gnosticorum

349 371 551 423 familias,
605 369 680 410 sed
717 369 842 408 etiam
882 366 994 421 apud
1035 365 1182 409 Patres
1226 368 1489 410 orthodoxos
1538 370 1805 411 uberrimum

349 446 496 486 habuit
522 445 771 498 ingressum.
825 440 1032 494 Exempla
1058 442 1187 480 multa
1218 441 1396 482 collecta
1424 444 1612 484 invenies
1640 459 1662 484 a
1689 446 1809 486 Mei-

352 528 498 567 net-te,
535 517 757 564 Drizckio,
811 514 1057 562 Gibhonio,
1110 514 1346 564 Haubero,
1398 519 1580 560 Hor-Scio
1630 517 1806 571 aliisque

348 591 504 632 multis.
558 590 686 629 Plura
716 587 769 627 de
800 586 1102 641 superstitione
1141 587 1429 629 mathematica
1468 599 1512 649 et
1553 590 1808 645 astrologica

347 663 587 705 testimonia
615 669 791 717 possunt
820 660 963 713 colligi
992 673 1043 698 ex
1072 662 1257 700 Firmici
1296 663 1489 701 ,Materni
1515 662 1659 712 libris,
1698 674 1808 716 quos

349 740 404 779 (le
432 737 610 778 Mathesi
638 751 670 776 s.
701 733 969 775 Astronomia
999 733 1138 787 (libris
1167 736 1278 777 vm.
1313 736 1411 776 edit.
1443 737 1568 776 Basil.
1619 736 1717 775 1551
1751 732 1805 787 f.)

350 820 396 852 et
425 812 477 851 de
507 824 657 851 errore
685 808 960 864 profanarum
986 807 1240 861 religionum
1270 809 1391 863 (edit.
1423 808 1644 851 Gronovii.
1667 808 1806 864 Lugd.

349 887 401 927 B.
435 899 550 941 1709.
580 883 640 936 8.)
671 882 937 937 conscripsit.

457 979 504 1019 Si
532 978 625 1033 quis
666 989 769 1018 vero
798 971 863 1015 his
904 974 1079 1030 aliisque
1123 970 1347 1030 exempliS.,
1387 971 1583 1030 quoniam
1621 970 1810 1028 privato-1

347 1068 445 1095 rum
473 1051 690 1091 hominum
719 1048 801 1087 sint
831 1047 1020 1101 exempla
1048 1056 1091 1088 et
1120 1048 1298 1102 judicia,
1326 1048 1462 1088 minus
1492 1049 1620 1089 fidem
1647 1048 1807 1089 habere

348 1127 477 1177 velit,
505 1125 574 1164 lex
603 1123 801 1178 profecto
832 1121 1112 1161 ecclesiastica
1139 1123 1343 1175 majorem
1381 1122 1554 1162 habebit
1583 1120 1808 1162 auctorita-

348 1207 449 1239 tem.
505 1197 617 1236 Talis
659 1204 799 1235 autem
837 1195 904 1234 lex
933 1200 1044 1233 extat
1074 1191 1115 1233 in
1158 1191 1322 1235 Concil.
1362 1196 1532 1236 Laodic.
1565 1210 1651 1235 can.
1681 1195 1733 1236 35
1763 1203 1808 1235 et

347 1271 413 1314 36.
443 1272 489 1310 In
518 1283 553 1309 c.
582 1270 635 1311 35
689 1269 919 1308 Anatliema
967 1268 1199 1322 imponitur
1236 1268 1310 1317 iis,
1353 1267 1426 1322 qui
1463 1269 1650 1322 Angelos
1690 1268 1808 1309 invo-

349 1354 490 1387 cantes
522 1340 723 1400 (α’γγὲλες
753 1334 1015 1397 ὀνομάζειν)
1055 1341 1336 1381 clandestinae
1365 1341 1629 1381 idololatriae
1672 1355 1717 1381 se
1747 1341 1809 1381 di-

348 1431 444 1462 cant
493 1413 805 1474 [nenovfflce'wy
844 1412 1150 1470 εἰδωλολατρία
1197 1406 1517 1470 σχολάζοντες)
1576 1423 1620 1454 et
1662 1415 1808 1454 Jesum

349 1493 568 1533 Christum
614 1491 867 1544 relinquant.
939 1486 1017 1526 His
1071 1488 1209 1527 statim
1245 1501 1280 1526 c.
1324 1487 1377 1527 36
1416 1481 1684 1540 subjunctum
1722 1495 1809 1527 est:

339 1563 447 1608 “On
476 1562 502 1606 θ’
531 1562 599 1605 δεῖ
629 1556 869 1619 ιὲρατικές,
899 1557 932 1617 ἤ
958 1558 1192 1616 κληρικεὲς,
1235 1553 1423 1614 μα’γες
1457 1555 1488 1613 ἦ
1529 1557 1807 1606 ἐπαοιδές

348 1637 531 1689 εἶναι,
559 1629 591 1690 ἤ
616 1627 1058 1691 μαθηματικές,
1090 1631 1120 1687 ἦ
1148 1625 1525 1690 α’στρολόγες,
1555 1629 1586 1688 ἦ
1614 1640 1808 1675 ποιεῖν

346 1706 414 1754 τά
458 1704 753 1767 λεγόμενα
791 1700 1185 1763 φυλακτήρια,
1228 1698 1359 1746 ἅτινά
1397 1707 1486 1747 ἐστι
1529 1699 1810 1761 δεσμωτήρια

347 1787 436 1829 τῶν
464 1787 620 1841 ψυχῶν
649 1776 809 1824 αὐτῶν·
841 1773 916 1828 τὲς
948 1778 995 1823 δὲ
1026 1781 1248 1839 φορὲντας
1274 1781 1514 1839 ῥίπτεσθαι
1541 1780 1586 1820 ἐκ
1626 1780 1706 1834 τῆς
1737 1780 1808 1820 ἐκ-
1866 1814 1867 1819 ,

348 1857 526 1915 πλησίας
557 1850 865 1911 ἐκελεύσαμεν.

457 1974 526 2014 De
556 1983 662 2011 anno
691 1968 817 2024 hujus
857 1965 1034 2007 Concilii
1073 1979 1160 2005 non
1199 1978 1282 2019 pro
1321 1969 1441 2005 certo
1481 1969 1670 2014 constat,
1714 1975 1810 2003 cum
1866 1963 1867 1977 ¹

350 2045 642 2100 Chronologia
669 2044 712 2084 in
740 2043 818 2082 hac
858 2049 980 2095 parte
1020 2040 1140 2080 valde
1170 2039 1223 2079 sit
1265 2038 1456 2079 obscura.
1514 2038 1561 2077 ln
1590 2050 1643 2076 eo
1672 2042 1810 2076 tamen
1866 2059 1867 2090 ;

351 2120 609 2162 conveniunt
638 2118 730 2161 VV.
760 2118 935 2164 DI).,ut
962 2125 1045 2152 non
1075 2120 1169 2151 ante
1199 2127 1233 2151 a.
1262 2113 1370 2164 342„
1388 2113 1445 2152 ita
1484 2125 1568 2151 non
1596 2118 1695 2165 post
1740 2124 1811 2149 an·

351 2210 452 2236 num
480 2193 572 2235 365.
601 2190 790 2230 habitum
836 2200 928 2227 esse
959 2185 1041 2224 hoc
1072 2183 1337 2237 Concilium,
1384 2184 1503 2239 cujus
1543 2197 1723 2225 canones
1752 2184 1813 2224 di-

353 2266 598 2320 sciplinares
651 2264 765 2304 omni
804 2270 1000 2314 tempore
1042 2260 1084 2298 in
1117 2258 1295 2298 ecclesia
1348 2258 1573 2298 christiana
1622 2272 1812 2312 magnam

354 2341 633 2382 obtinuerunt
662 2336 969 2377 auctoritatem.
1027 2335 1122 2372 Non
1150 2331 1281 2386 igitur
1309 2333 1559 2372 temeritatis
1587 2330 1815 2372 accusatio-

354 2429 452 2455 nem
479 2415 698 2460 timemus,
726 2410 826 2449 (lum
865 2408 1144 2456 arbitramur,
1184 2405 1418 2446 Concilium
1461 2402 1721 2445 Laodicense
1761 2404 1815 2443 ad

355 2501 521 2529 causam
548 2494 648 2525 tunc
677 2482 883 2536 temporis
931 2480 1041 2535 apud
1081 2478 1373 2520 Antiochenos
1414 2487 1540 2531 atque
1583 2479 1815 2517 Emesenos

355 2570 489 2602 actam
526 2558 767 2612 respexisse
809 2563 853 2596 et
895 2569 1097 2595 canonem
1138 2551 1476 2607 disciplinarcm,
1522 2563 1648 2604 quem
1686 2563 1816 2604 appo·

358 2640 542 2686 suimus,
570 2631 804 2674 Eusebium
832 2638 1022 2671 nostrum
1053 2640 1156 2684 prae
1186 2626 1342 2668 ceteris
1374 2634 1558 2680 tangere.
