1867 3053
912 162 1177 207 *55-
1351 184 1367 198 „

311 293 458 354 λήνων
487 299 750 348 παιδευθεὶς
792 295 911 355 mepte*
954 302 1011 357 τῷ
1047 302 1286 356 τηνικαῦτα
1313 303 1370 361 τῇ
1408 300 1568 361 Ἐὃεσῃ
1607 301 1762 359 ἐπιδη-

308 367 504 430 μήσαντι
544 371 770 430 παιδευτῇ.
837 376 902 413 Ex
940 374 1024 413 1100
1062 374 1324 427 testimonio,
1368 388 1462 415 cum
1501 389 1585 430 quo
1635 375 1762 415 etiam

309 446 534 487 Sozomen.
562 446 602 486 h.
634 460 671 486 e.
700 445 772 485 lib.
816 447 886 485 111.
920 458 956 484 0.
988 447 1027 487 5.
1071 446 1315 497 concordat,
1356 455 1496 501 patet,
1528 447 1763 487 Eusebium

307 533 394 575 11011
424 520 558 559 solum
587 520 774 560 Edessae
802 520 845 572 ³¹²)
864 503 1064 575 >honestis
1093 520 1339 573 parentibus
1373 533 1464 561 esse
1493 529 1655 572 natum,
1686 517 1763 559 sed

308 593 430 635 etiam
463 593 671 632 alumnum
701 592 880 631 Scholae
914 592 1179 644 Messenae,
1212 607 1316 648 quae
1359 606 1466 633 saec.
1496 594 1585 645 111.,
1615 595 1687 637 IV.
1718 600 1764 633 et

311 666 361 708 V.
385 679 465 719 per
478 674 614 705 totum
629 664 864 717 Orientem,
881 680 966 706 non
993 667 1145 706 minori
1164 666 1286 706 laude
1309 680 1430 722 quam
1443 666 1595 707 Schola
1614 664 1762 705 Antio·

309 737 441 778 chena
459 748 584 793 atque
598 739 890 790 Alexandrina,
905 740 1315 795 inclaruit.Duplicis
1329 749 1468 780 autem
1491 740 1680 780 meminit
1700 739 1763 778 in-

306 812 550 863 stitutionis,
563 813 716 852 alterae
730 813 773 853 in
793 814 1147 868 interpretatione
1176 815 1413 869 scripturae
1437 827 1592 865 sacrae,
1606 813 1762 853 alterae

306 885 351 924 in
378 885 530 925 litteris
562 885 879 926 humanioribus
891 887 975 940 Η).
1031 876 1167 941 Hujus
1198 888 1419 927 doctorem
1447 900 1533 927 non
1564 890 1761 941 nominat,

306 959 384 1000 sed
428 967 623 1013 tanquam
664 959 802 1001 virum
844 959 1015 999 doctum
1054 968 1154 1000 tunc
1189 962 1395 1014 temporis
1434 961 1618 1001 Edessae
1646 961 1763 1001 habi-

304 1044 464 1076 tantem
489 1033 641 1074 laudat.
700 1034 901 1097 Quisnam
930 1034 999 1073 ille
1041 1033 1196 1086 fuerit,
1242 1036 1352 1074 nulla
1390 1035 1638 1088 conjectura
1676 1036 1763 1077 evi-

304 1108 432 1147 dente
474 1122 646 1162 possum
683 1106 862 1162 assequi.
920 1106 1110 1161 Cogitari
1152 1116 1298 1160 posset
1341 1108 1393 1149 de
1435 1110 1610 1149 Ethilao
1651 1106 1760 1160 (sive

303 1183 484 1233 Aetolo,
524 1194 649 1236 quem
699 1180 944 1220 Chronicon
989 1180 1252 1220 Edessenum
1291 1181 1333 1221 in
1381 1181 1611 1222 Assemanii
1647 1180 1761 1220 Bibl.

305 1256 474 1298 orient.
507 1256 708 1296 Aitallalc
740 1254 909 1306 scribit,
939 1255 1095 1309 quique
1127 1254 1317 1295 Concilio
1348 1255 1534 1294 Nicaeno
1566 1254 1763 1294 interfuit

303 1328 599 1384 formulaeque
640 1328 936 1382 subscripsit),
988 1329 1057 1369 vel
1097 1329 1150 1369 de
1190 1330 1358 1370 Jacobo
1397 1330 1619 1370 Nisibensi
1657 1329 1763 1382 (non

304 1403 607 1444 confundendo
653 1415 748 1442 cum
785 1401 946 1440 Jacobo
985 1401 1254 1456 Edesseno)‚
1300 1402 1369 1443 vel
1413 1401 1467 1441 de
1510 1403 1762 1443 Abrahamo

301 1478 442 1532 Episc.
487 1475 718 1516 Edesseno.
775 1475 975 1514 Fortasse
1014 1475 1142 1515 homo
1186 1475 1266 1516 fuit
1306 1475 1546 1516 haereticus
1588 1475 1658 1516 vel
1695 1489 1763 1515 su-

302 1559 474 1606 spectae
502 1549 627 1600 fidei,
656 1548 842 1603 ideoque
874 1548 965 1601 ejus
1004 1562 1159 1588 nomen
1187 1564 1210 1588 a
1241 1549 1430 1602 Georgio
1471 1559 1760 1602 suppressum,

302 1638 357 1665 ne
395 1623 502 1664 male
545 1624 726 1675 Noster,
774 1629 970 1677 tanquam
1015 1621 1222 1663 haeretici
1280 1621 1533 1678 discipulus,
1581 1622 1761 1662 audiret.

373 1853 412 1898 ⁶)
437 1854 494 1889 De
528 1852 597 1888 hac
629 1853 888 1900 antiquissima
930 1857 970 1887 et
1001 1852 1242 1887 celeberrima
1285 1850 1378 1885 urbe
1420 1861 1541 1897 nuper
1577 1850 1686 1885 docte
1723 1854 1763 1884 et

442 1927 571 1963 acute,
596 1926 639 1954 ut
664 1919 780 1962 solet,
806 1918 978 1965 pluribus
1005 1919 1081 1963 egit
1108 1919 1180 1952 Cel.
1206 1918 1271 1951 Ph.
1298 1918 1551 1950 Buttmannus
1575 1916 1614 1949 in
1640 1914 1763 1948 libro=

436 1987 699 2031 Mythologus‚
727 1984 816 2018 oder
840 1983 1139 2027 Abhandlungcn
1166 1982 1258 2016 fiber
1285 1981 1346 2015 die
1383 1982 1502 2027 Sagen
1538 1978 1603 2013 (les
1638 1979 1762 2012 Alter-

436 2051 572 2085 thums.
597 2052 665 2085 Th.
692 2052 718 2084 Ι.
745 2050 882 2084 Berlin.
911 2048 1011 2086 1828.
1041 2061 1076 2094 p.
1101 2047 1169 2084 235
1194 2059 1299 2094 seqq.

350 2117 410 2160 Μ)
438 2114 491 2154 Tei
518 2112 701 2159 Ἑλλήνων
725 2112 950 2160 (γράμματα)
977 2119 1078 2147 recte
1104 2114 1177 2157 jam
1207 2108 1587 2156 christophorsonius
1607 2110 1651 2148 ain
1680 2120 1762 2143 ver-

444 2181 550 2214 sione
578 2191 645 2224 pei·
671 2179 893 2211 humaniori
918 2179 1126 2211 literatura
1154 2177 1347 2222 expressit.
1398 2175 1487 2209 Cum
1513 2173 1613 2219 apud
1650 2172 1763 2206 Edes-

440 2255 549 2277 senos
576 2244 703 2286 lingua
731 2243 880 2286 Syriaca
906 2241 1180 2283 dominaretur,
1211 2242 1363 2273 omnino
1393 2239 1438 2273 de
1467 2239 1663 2272 clementis
1689 2238 1764 2270 lin-

443 2319 536 2352 guae
575 2307 738 2340 Graecae
776 2312 901 2352 potcst
939 2307 1114 2351 inteuigi.
1166 2304 1241 2339 Sed
1275 2306 1508 2339 notissimum
1546 2310 1623 2345 est,
1658 2304 1763 2346 juxta

442 2383 549 2405 usum
575 2371 777 2416 loquendi,
813 2373 978 2417 inprimis
1015 2382 1107 2405 sace.
1141 2372 1205 2403 111.
1237 2376 1275 2403 et
1307 2371 1365 2404 IV.
1404 2371 1515 2403 latius
1551 2374 1763 2414 patentem,

444 2433 491 2472 ττὶ
521 2433 786 2486 Ἐλλὴνικαφπ
817 2434 1055 2482 ’.Ελλὴνισμον
1092 2435 1192 2468 idem
1224 2434 1450 2479 significare,
1485 2440 1526 2468 ut
1559 2433 1659 2479 apud
1697 2445 1764 2467 nos

446 2500 697 2543 humaniora,
727 2502 883 2534 litterae
908 2502 1163 2547 elegantiores
1190 2504 1258 2532 etc.
1309 2500 1509 2533 Confirmat
1543 2499 1766 2532 Sozomenus

451 2567 825 2611 interpretationem,
860 2578 944 2601 nam
978 2566 1123 2601 scribit:
1157 2562 1203 2601 τοὶ
1239 2578 1314 2610 παρ
1346 2561 1519 2609 ’Ἕλλησιν
1553 2561 1767 2608 ἑξεὸιδάχθη

452 2629 689 2677 παιδεύματα.
934 2623 935 2626 ¹
