1867 3053
933 726 1088 779 CAP.
1135 728 1208 781 II.

342 845 466 912 De
512 842 742 909 indole
807 852 873 910 et
936 845 1334 911 oeconomia
1399 846 1799 914 orationum

765 955 1360 1023 Eusebianarum.

340 1208 490 1293 Inter
536 1254 706 1287 veteres
757 1247 871 1287 solus
921 1255 986 1287 est
1033 1249 1329 1300 Hieronymus
1376 1249 1459 1302 (de
1496 1250 1599 1292 viris
1648 1250 1798 1294 illustr.

344 1335 380 1362 c,
411 1320 508 1375 91.)
527 1349 538 1370 .‚
569 1319 640 1373 qui
670 1320 722 1359 dc
751 1319 940 1360 Eusebio
971 1322 1210 1370 Emeoeuo,
1239 1330 1433 1376 tanquam
1464 1332 1661 1374 oratore,
1689 1322 1800 1378 judi-

344 1397 465 1437 cavit.
497 1395 616 1433 Dicit
640 1402 802 1434 autem:
835 1396 1046 1447 elegantis
1068 1404 1105 1434 et
1124 1396 1329 1434 rhetorici
1346 1397 1521 1449 ingenii,
1548 1399 1799 1437 innumera-

344 1467 473 1516 biles,
503 1476 543 1506 et
570 1467 644 1521 qui
674 1467 737 1504 ad
760 1467 961 1520 plausum
986 1468 1138 1521 populi
1162 1469 1404 1520 pertinent,
1432 1469 1617 1519 confecit
1641 1469 1795 1518 libros,

346 1543 567 1596 magisque
597 1542 825 1579 historiam
855 1547 1035 1588 secutus,
1057 1540 1113 1578 ab
1143 1540 1226 1587 his,
1257 1540 1332 1595 qui
1364 1539 1608 1578 declamare
1639 1542 1799 1590 volunt,

343 1615 656 1654 studiosissime
699 1614 864 1665 legitur.
923 1611 1007 1669 Qui
1037 1612 1080 1650 in
1108 1611 1189 1651 hoc
1232 1612 1390 1665 judicio
1432 1611 1622 1650 eximiam
1663 1612 1796 1665 patris

342 1688 478 1727 nostri
506 1685 674 1725 laudem
702 1685 920 1724 inveniunt
951 1689 1094 1738 (quam
1124 1686 1370 1724 sententiam
1402 1684 1511 1738 apud
1540 1685 1695 1725 multos
1725 1699 1795 1726 ex-

346 1773 535 1813 pressam
567 1759 767 1812 legimus)
800 1759 925 1812 longe
960 1767 1104 1797 errant
1130 1767 1172 1798 et
1190 1758 1440 1810 Hieronymi
1468 1760 1799 1813 naturam‚inge-

342 1832 481 1882 nium,
508 1843 673 1869 morem
706 1839 748 1869 et
778 1844 897 1869 usum
937 1831 1141 1885 loquendi
1179 1832 1386 1885 ignorant.
1445 1831 1530 1893 Qui
1566 1840 1793 1886 utrumque

343 1904 582 1957 intelligunt
603 1934 614 1952 ‚
645 1918 729 1943 non
749 1905 994 1958 negabunt,
1025 1919 1119 1944 eum
1148 1905 1211 1944 his
1240 1904 1382 1945 verbis
1427 1909 1666 1960 vituperare
1711 1906 1795 1944 Eu-

341 1977 504 2017 sebium
534 1977 699 2031 potius,
730 1991 852 2030 quam
883 1977 1071 2016 laudare
1098 1977 1294 2018 voluisse.

449 2051 541 2088 Jam
573 2051 708 2089 Hear.
744 2051 936 2088 Gravius
978 2049 1020 2087 in
1060 2049 1143 2088 suis
1193 2050 1235 2088 in
1278 2049 1319 2088 h.
1360 2049 1387 2087 l.
1427 2048 1791 2088 observationibus

337 2125 404 2178 (in
433 2124 633 2163 Fabricii
659 2122 771 2162 Bibl.
811 2123 963 2162 eccles.
995 2137 1037 2175 p.
1077 2125 1164 2163 281.
1205 2122 1420 2177 repetitis)
1464 2122 1507 2161 id
1540 2120 1695 2160 vidisse
1731 2121 1792 2162 vi·
1858 2147 1861 2175 1

336 2197 476 2235 detur.
532 2193 680 2234 Affert
713 2194 821 2233 anim
853 2208 904 2234 ex
934 2194 1022 2233 aliis
1053 2195 1299 2247 Hieronymi
1329 2196 1498 2249 scriptis
1526 2195 1646 2249 plura
1676 2195 1791 2236 testi·
1858 2213 1859 2256 j

336 2266 501 2316 monia,
532 2266 685 2320 quibus
716 2268 880 2318 elucet,
911 2267 1042 2322 qualis
1075 2268 1275 2320 (scilicet)
1308 2266 1449 2308 fautor
1489 2267 1792 2321 elegantiorum

334 2348 377 2378 et
406 2338 722 2379 rhetoricorum
749 2341 1016 2394 ingeniorum
1046 2349 1087 2379 elz
1120 2341 1386 2394 eloquentiae
1419 2341 1636 2395 popularis
1666 2341 1715 2390 (i.
1747 2355 1784 2380 e.

333 2411 386 2450 ad
422 2411 612 2463 plausum
650 2413 821 2467 populi)
865 2412 996 2453 fuerit
1039 2415 1334 2466 Hieronymus.
1405 2417 1510 2454 Lod
1553 2430 1575 2453 a
1617 2416 1788 2455 Gravia

332 2482 495 2534 .1!lcgati
528 2490 624 2522 sunt
651 2483 827 2524 Hieron.
859 2486 981 2539 epist.
1019 2486 1070 2525 ad
1100 2486 1294 2539 Cyprian.
1337 2488 1495 2529 Prafat.
1524 2487 1566 2526 in
1600 2487 1785 2526 Iesaiam,

329 2555 612 2595 commentar.
644 2556 687 2594 in
715 2556 874 2595 Ezech.
906 2558 1056 2599 XVIII.
1088 2559 1216 2596 XXII.
1251 2559 1291 2596 in
1332 2561 1496 2599 Eccles.
1526 2573 1559 2598 c.
1591 2559 1642 2596 X.
1673 2567 1716 2597 et
1746 2559 1787 2596 in

329 2628 475 2668 Matth.
507 2642 542 2668 c.
576 2629 663 2668 XII.
706 2629 922 2670 Invehitur
967 2630 1005 2668 in
1053 2631 1144 2670 illos
1195 2631 1420 2682 doctores,
1451 2631 1520 2686 qui
1553 2629 1786 2684 composita
