<?xml version="1.0" encoding="UTF-8"?>
<!DOCTYPE html PUBLIC "-//W3C//DTD XHTML 1.0 Transitional//EN"
    "http://www.w3.org/TR/xhtml1/DTD/xhtml1-transitional.dtd">
<html xmlns="http://www.w3.org/1999/xhtml" xml:lang="en" lang="en">
 <head>
  <title>
</title>
<meta http-equiv="Content-Type" content="text/html;charset=utf-8" />
  <meta name='ocr-system' content='tesseract 3.04.00' />
  <meta name='ocr-capabilities' content='ocr_page ocr_carea ocr_par ocr_line ocrx_word'/>
</head>
<body>
  <div class='ocr_page' id='page_1' title='image "./eusebiiemeseniqu00auguuoft_0112.png"; bbox 0 0 1773 3032; ppageno 0'>
   <div class='ocr_carea' id='block_1_1' title="bbox 808 151 1105 197">
    <p class='ocr_par' dir='ltr' id='par_1_1' title="bbox 808 151 1105 197">
     <span class='ocr_line' id='line_1_1' title="bbox 808 151 1105 197; baseline 0.003 -17"><span class='ocrx_word' id='word_1_1' title='bbox 808 151 1105 197; x_wconf 70' lang='lat'>...106-</span> 
     </span>
    </p>
   </div>
   <div class='ocr_carea' id='block_1_2' title="bbox 221 266 1688 1424">
    <p class='ocr_par' dir='ltr' id='par_1_2' title="bbox 221 266 1688 1424">
     <span class='ocr_line' id='line_1_2' title="bbox 225 266 1680 326; baseline 0.003 -14"><span class='ocrx_word' id='word_1_2' title='bbox 225 266 396 326; x_wconf 69' lang='grc' dir='ltr'><em>θεωρίᾳ</em></span> <span class='ocrx_word' id='word_1_3' title='bbox 428 276 472 309; x_wconf 86' lang='lat' dir='ltr'><strong>et</strong></span> <span class='ocrx_word' id='word_1_4' title='bbox 501 269 554 309; x_wconf 87' lang='lat' dir='ltr'><strong>de</strong></span> <span class='ocrx_word' id='word_1_5' title='bbox 593 282 719 310; x_wconf 80' lang='lat' dir='ltr'><strong>sensu</strong></span> <span class='ocrx_word' id='word_1_6' title='bbox 756 270 992 324; x_wconf 81' lang='lat' dir='ltr'><strong>scripturae</strong></span> <span class='ocrx_word' id='word_1_7' title='bbox 1031 284 1174 312; x_wconf 86' lang='lat' dir='ltr'><strong>sacrae</strong></span> <span class='ocrx_word' id='word_1_8' title='bbox 1210 272 1383 314; x_wconf 87' lang='lat' dir='ltr'><strong>litterali</strong></span> <span class='ocrx_word' id='word_1_9' title='bbox 1411 287 1443 314; x_wconf 86' lang='lat' dir='ltr'><strong>s.</strong></span> <span class='ocrx_word' id='word_1_10' title='bbox 1473 273 1680 317; x_wconf 84' lang='lat' dir='ltr'><strong>historico</strong></span> 
     </span>
     <span class='ocr_line' id='line_1_3' title="bbox 228 341 1681 403; baseline 0.005 -21"><span class='ocrx_word' id='word_1_11' title='bbox 228 342 422 383; x_wconf 81' lang='lat' dir='ltr'><strong>sumitur.</strong></span> <span class='ocrx_word' id='word_1_12' title='bbox 477 341 604 396; x_wconf 87' lang='lat' dir='ltr'>Apud</span> <span class='ocrx_word' id='word_1_13' title='bbox 635 341 846 382; x_wconf 86' lang='lat' dir='ltr'><strong>Isidorum</strong></span> <span class='ocrx_word' id='word_1_14' title='bbox 882 343 1140 386; x_wconf 88' lang='lat' dir='ltr'><strong>Pelusiotam</strong></span> <span class='ocrx_word' id='word_1_15' title='bbox 1176 358 1244 399; x_wconf 91' lang='lat' dir='ltr'><strong>ep.</strong></span> <span class='ocrx_word' id='word_1_16' title='bbox 1281 344 1354 384; x_wconf 90' lang='lat' dir='ltr'><strong>lib.</strong></span> <span class='ocrx_word' id='word_1_17' title='bbox 1385 346 1456 388; x_wconf 93' lang='lat' dir='ltr'><strong>IV.</strong></span> <span class='ocrx_word' id='word_1_18' title='bbox 1487 360 1556 401; x_wconf 89' lang='lat' dir='ltr'><strong>ep.</strong></span> <span class='ocrx_word' id='word_1_19' title='bbox 1593 364 1681 403; x_wconf 89' lang='lat'><strong>¹¹7·</strong></span> 
     </span>
     <span class='ocr_line' id='line_1_4' title="bbox 227 408 1683 474; baseline 0.003 -18"><span class='ocrx_word' id='word_1_20' title='bbox 227 408 261 470; x_wconf 72' lang='grc' dir='ltr'><em>ἦ</em></span> <span class='ocrx_word' id='word_1_21' title='bbox 291 413 503 472; x_wconf 77' lang='grc' dir='ltr'><em>ἑρμηνεία</em></span> <span class='ocrx_word' id='word_1_22' title='bbox 538 409 643 458; x_wconf 75' lang='grc' dir='ltr'><strong>καθ’</strong></span> <span class='ocrx_word' id='word_1_23' title='bbox 694 416 894 474; x_wconf 73' lang='grc' dir='ltr'><em>ἱστορίαν</em></span> <span class='ocrx_word' id='word_1_24' title='bbox 939 417 1208 472; x_wconf 82' lang='lat' dir='ltr'><strong>distinguitur</strong></span> <span class='ocrx_word' id='word_1_25' title='bbox 1247 433 1270 459; x_wconf 88' lang='lat' dir='ltr'><strong>a</strong></span> <span class='ocrx_word' id='word_1_26' title='bbox 1306 417 1474 474; x_wconf 72' lang='grc' dir='ltr'><em>θεωρίᾳ</em></span> <span class='ocrx_word' id='word_1_27' title='bbox 1522 414 1683 461; x_wconf 74' lang='grc' dir='ltr'><em>εῐ.οἷλ-</em></span> 
     </span>
     <span class='ocr_line' id='line_1_5' title="bbox 226 487 1682 548; baseline 0 -15"><span class='ocrx_word' id='word_1_28' title='bbox 226 487 420 548; x_wconf 76' lang='grc' dir='ltr'><em>ληγορίᾳ.</em></span> <span class='ocrx_word' id='word_1_29' title='bbox 452 491 594 531; x_wconf 90' lang='lat' dir='ltr'><strong>Genus</strong></span> <span class='ocrx_word' id='word_1_30' title='bbox 622 490 929 544; x_wconf 83' lang='lat' dir='ltr'><strong>interpretandi</strong></span> <span class='ocrx_word' id='word_1_31' title='bbox 957 499 1001 529; x_wconf 88' lang='lat' dir='ltr'><strong>et</strong></span> <span class='ocrx_word' id='word_1_32' title='bbox 1033 490 1213 531; x_wconf 82' lang='lat' dir='ltr'><strong>docendi</strong></span> <span class='ocrx_word' id='word_1_33' title='bbox 1241 491 1533 545; x_wconf 85' lang='lat' dir='ltr'><strong>allegoricum,</strong></span> <span class='ocrx_word' id='word_1_34' title='bbox 1562 493 1682 547; x_wconf 88' lang='lat' dir='ltr'><strong>eujus</strong></span> 
     </span>
     <span class='ocr_line' id='line_1_6' title="bbox 226 561 1681 618; baseline 0.002 -17"><span class='ocrx_word' id='word_1_35' title='bbox 226 563 481 618; x_wconf 85' lang='lat' dir='ltr'><strong>praecipuus</strong></span> <span class='ocrx_word' id='word_1_36' title='bbox 509 570 658 602; x_wconf 81' lang='lat' dir='ltr'><strong>auctor</strong></span> <span class='ocrx_word' id='word_1_37' title='bbox 689 570 732 602; x_wconf 88' lang='lat' dir='ltr'><strong>et</strong></span> <span class='ocrx_word' id='word_1_38' title='bbox 775 561 919 603; x_wconf 82' lang='lat' dir='ltr'><strong>fautor</strong></span> <span class='ocrx_word' id='word_1_39' title='bbox 952 564 1163 616; x_wconf 66' lang='lat' dir='ltr'><strong>Origenes</strong></span> <span class='ocrx_word' id='word_1_40' title='bbox 1191 562 1296 614; x_wconf 88' lang='lat' dir='ltr'><strong>fuit,</strong></span> <span class='ocrx_word' id='word_1_41' title='bbox 1347 564 1390 603; x_wconf 91' lang='lat' dir='ltr'><strong>in</strong></span> <span class='ocrx_word' id='word_1_42' title='bbox 1421 578 1474 604; x_wconf 90' lang='lat' dir='ltr'><strong>eo</strong></span> <span class='ocrx_word' id='word_1_43' title='bbox 1503 565 1681 604; x_wconf 85' lang='lat' dir='ltr'><strong>maxime</strong></span> 
     </span>
     <span class='ocr_line' id='line_1_7' title="bbox 227 633 1684 689; baseline 0.001 -14"><span class='ocrx_word' id='word_1_44' title='bbox 227 643 321 675; x_wconf 85' lang='lat' dir='ltr'><strong>erat</strong></span> <span class='ocrx_word' id='word_1_45' title='bbox 349 633 649 689; x_wconf 89' lang='lat' dir='ltr'><strong>conspicuum,</strong></span> <span class='ocrx_word' id='word_1_46' title='bbox 679 642 751 685; x_wconf 85' lang='lat' dir='ltr'><strong>ut,</strong></span> <span class='ocrx_word' id='word_1_47' title='bbox 792 643 938 689; x_wconf 89' lang='lat' dir='ltr'><strong>spreto</strong></span> <span class='ocrx_word' id='word_1_48' title='bbox 970 649 1094 675; x_wconf 89' lang='lat' dir='ltr'><strong>sensu</strong></span> <span class='ocrx_word' id='word_1_49' title='bbox 1120 635 1295 675; x_wconf 88' lang='lat' dir='ltr'><strong>litterali</strong></span> <span class='ocrx_word' id='word_1_50' title='bbox 1325 644 1369 676; x_wconf 90' lang='lat' dir='ltr'><strong>et</strong></span> <span class='ocrx_word' id='word_1_51' title='bbox 1397 637 1684 689; x_wconf 81' lang='lat' dir='ltr'><strong>grammatico,</strong></span> 
     </span>
     <span class='ocr_line' id='line_1_8' title="bbox 227 705 1686 763; baseline 0.002 -17"><span class='ocrx_word' id='word_1_52' title='bbox 227 707 366 747; x_wconf 88' lang='lat' dir='ltr'><strong>omnia</strong></span> <span class='ocrx_word' id='word_1_53' title='bbox 396 707 439 747; x_wconf 88' lang='lat' dir='ltr'><strong>S.</strong></span> <span class='ocrx_word' id='word_1_54' title='bbox 470 707 514 748; x_wconf 88' lang='lat' dir='ltr'><strong>S.</strong></span> <span class='ocrx_word' id='word_1_55' title='bbox 545 705 673 747; x_wconf 79' lang='lat' dir='ltr'><strong>effata</strong></span> <span class='ocrx_word' id='word_1_56' title='bbox 700 707 752 746; x_wconf 87' lang='lat' dir='ltr'><strong>ad</strong></span> <span class='ocrx_word' id='word_1_57' title='bbox 781 707 1050 760; x_wconf 79' lang='lat' dir='ltr'><strong>sublimiora,</strong></span> <span class='ocrx_word' id='word_1_58' title='bbox 1082 709 1303 750; x_wconf 83' lang='lat' dir='ltr'><strong>invisibilia</strong></span> <span class='ocrx_word' id='word_1_59' title='bbox 1334 717 1377 749; x_wconf 90' lang='lat' dir='ltr'><strong>et</strong></span> <span class='ocrx_word' id='word_1_60' title='bbox 1405 708 1686 763; x_wconf 83' lang='lat' dir='ltr'><strong>intelligibilia</strong></span> 
     </span>
     <span class='ocr_line' id='line_1_9' title="bbox 226 774 1686 838; baseline 0.001 -20"><span class='ocrx_word' id='word_1_61' title='bbox 226 780 501 821; x_wconf 86' lang='lat' dir='ltr'><strong>traherentur</strong></span> <span class='ocrx_word' id='word_1_62' title='bbox 531 789 575 821; x_wconf 89' lang='lat' dir='ltr'><strong>et</strong></span> <span class='ocrx_word' id='word_1_63' title='bbox 602 782 825 836; x_wconf 73' lang='grc' dir='ltr'><strong><em>μυστικῶς</em></strong></span> <span class='ocrx_word' id='word_1_64' title='bbox 855 789 899 822; x_wconf 91' lang='lat' dir='ltr'><strong>et</strong></span> <span class='ocrx_word' id='word_1_65' title='bbox 938 774 1209 838; x_wconf 74' lang='grc' dir='ltr'><em>οἷναγογικαῖς</em></span> <span class='ocrx_word' id='word_1_66' title='bbox 1251 788 1582 835; x_wconf 87' lang='lat' dir='ltr'><strong>exponerentur.</strong></span> <span class='ocrx_word' id='word_1_67' title='bbox 1637 782 1686 819; x_wconf 88' lang='lat' dir='ltr'><strong>In</strong></span> 
     </span>
     <span class='ocr_line' id='line_1_10' title="bbox 226 851 1687 908; baseline -0.001 -17"><span class='ocrx_word' id='word_1_68' title='bbox 226 852 375 906; x_wconf 79' lang='lat' dir='ltr'><strong>primis</strong></span> <span class='ocrx_word' id='word_1_69' title='bbox 404 852 682 894; x_wconf 86' lang='lat' dir='ltr'><strong>adhibebatur</strong></span> <span class='ocrx_word' id='word_1_70' title='bbox 720 853 804 894; x_wconf 89' lang='lat' dir='ltr'><strong>hoc</strong></span> <span class='ocrx_word' id='word_1_71' title='bbox 838 854 1147 908; x_wconf 83' lang='lat' dir='ltr'><strong>interpretandi</strong></span> <span class='ocrx_word' id='word_1_72' title='bbox 1186 868 1318 908; x_wconf 82' lang='lat' dir='ltr'><strong>genus</strong></span> <span class='ocrx_word' id='word_1_73' title='bbox 1358 853 1403 894; x_wconf 91' lang='lat' dir='ltr'><strong>in</strong></span> <span class='ocrx_word' id='word_1_74' title='bbox 1441 853 1572 904; x_wconf 88' lang='lat' dir='ltr'><strong>locis,</strong></span> <span class='ocrx_word' id='word_1_75' title='bbox 1611 851 1687 892; x_wconf 84' lang='lat' dir='ltr'><strong>ubi</strong></span> 
     </span>
     <span class='ocr_line' id='line_1_11' title="bbox 227 924 1685 981; baseline 0.001 -16"><span class='ocrx_word' id='word_1_76' title='bbox 227 924 281 965; x_wconf 86' lang='lat' dir='ltr'><strong>de</strong></span> <span class='ocrx_word' id='word_1_77' title='bbox 313 927 415 966; x_wconf 91' lang='lat' dir='ltr'><strong>Jesu</strong></span> <span class='ocrx_word' id='word_1_78' title='bbox 443 926 603 967; x_wconf 87' lang='lat' dir='ltr'><strong>Christi</strong></span> <span class='ocrx_word' id='word_1_79' title='bbox 631 940 817 981; x_wconf 89' lang='lat' dir='ltr'><strong>persona</strong></span> <span class='ocrx_word' id='word_1_80' title='bbox 844 936 910 967; x_wconf 88' lang='lat' dir='ltr'><strong>est</strong></span> <span class='ocrx_word' id='word_1_81' title='bbox 940 941 1106 979; x_wconf 89' lang='lat' dir='ltr'><strong>sermo,</strong></span> <span class='ocrx_word' id='word_1_82' title='bbox 1149 937 1192 967; x_wconf 88' lang='lat' dir='ltr'><strong>et</strong></span> <span class='ocrx_word' id='word_1_83' title='bbox 1230 928 1273 968; x_wconf 88' lang='lat' dir='ltr'><strong>in</strong></span> <span class='ocrx_word' id='word_1_84' title='bbox 1311 927 1519 968; x_wconf 85' lang='lat' dir='ltr'><strong>vaticiniis</strong></span> <span class='ocrx_word' id='word_1_85' title='bbox 1550 927 1603 970; x_wconf 87' lang='lat' dir='ltr'><strong>V.</strong></span> <span class='ocrx_word' id='word_1_86' title='bbox 1634 927 1685 966; x_wconf 88' lang='grc' dir='ltr'><strong>Τ.</strong></span> 
     </span>
     <span class='ocr_line' id='line_1_12' title="bbox 221 996 1686 1055; baseline 0.001 -18"><span class='ocrx_word' id='word_1_87' title='bbox 221 996 282 1042; x_wconf 68' lang='lat' dir='ltr'><strong>‚de</strong></span> <span class='ocrx_word' id='word_1_88' title='bbox 312 997 498 1038; x_wconf 89' lang='lat' dir='ltr'><strong>Christo.</strong></span> <span class='ocrx_word' id='word_1_89' title='bbox 553 1000 666 1039; x_wconf 87' lang='lat' dir='ltr'><strong>Huic</strong></span> <span class='ocrx_word' id='word_1_90' title='bbox 693 1001 1003 1054; x_wconf 89' lang='lat' dir='ltr'><strong>interpretandi</strong></span> <span class='ocrx_word' id='word_1_91' title='bbox 1030 1002 1185 1042; x_wconf 85' lang='lat' dir='ltr'><strong>rationi</strong></span> <span class='ocrx_word' id='word_1_92' title='bbox 1214 1001 1449 1055; x_wconf 89' lang='lat' dir='ltr'><strong>opponitur</strong></span> <span class='ocrx_word' id='word_1_93' title='bbox 1480 1015 1503 1040; x_wconf 92' lang='lat' dir='ltr'><strong>a</strong></span> <span class='ocrx_word' id='word_1_94' title='bbox 1533 999 1686 1040; x_wconf 89' lang='lat' dir='ltr'><strong>Cosma</strong></span> 
     </span>
     <span class='ocr_line' id='line_1_13' title="bbox 227 1070 1685 1127; baseline 0.002 -18"><span class='ocrx_word' id='word_1_95' title='bbox 227 1070 430 1125; x_wconf 86' lang='lat' dir='ltr'><strong>Indicopl.</strong></span> <span class='ocrx_word' id='word_1_96' title='bbox 461 1072 668 1121; x_wconf 84' lang='lat' dir='ltr'><strong>(Diodori</strong></span> <span class='ocrx_word' id='word_1_97' title='bbox 699 1074 917 1113; x_wconf 84' lang='lat' dir='ltr'><strong>Tarsensis</strong></span> <span class='ocrx_word' id='word_1_98' title='bbox 947 1075 1178 1127; x_wconf 84' lang='lat' dir='ltr'><strong>sectatore)</strong></span> <span class='ocrx_word' id='word_1_99' title='bbox 1211 1074 1254 1114; x_wconf 91' lang='lat' dir='ltr'><strong>in</strong></span> <span class='ocrx_word' id='word_1_100' title='bbox 1274 1075 1466 1127; x_wconf 84' lang='lat' dir='ltr'><strong>Topogr.</strong></span> <span class='ocrx_word' id='word_1_101' title='bbox 1496 1072 1584 1113; x_wconf 88' lang='lat' dir='ltr'><strong>chr.</strong></span> <span class='ocrx_word' id='word_1_102' title='bbox 1611 1071 1685 1112; x_wconf 87' lang='lat' dir='ltr'><strong>lib.</strong></span> 
     </span>
     <span class='ocr_line' id='line_1_14' title="bbox 227 1138 1685 1201; baseline 0.003 -19"><span class='ocrx_word' id='word_1_103' title='bbox 227 1141 279 1186; x_wconf 90' lang='lat' dir='ltr'><strong>V.</strong></span> <span class='ocrx_word' id='word_1_104' title='bbox 308 1157 352 1197; x_wconf 87' lang='lat' dir='ltr'><strong>p.</strong></span> <span class='ocrx_word' id='word_1_105' title='bbox 383 1156 473 1198; x_wconf 84' lang='lat'><strong>227.</strong></span> <span class='ocrx_word' id='word_1_106' title='bbox 503 1144 823 1199; x_wconf 83' lang='lat' dir='ltr'><strong>interpretatio,</strong></span> <span class='ocrx_word' id='word_1_107' title='bbox 855 1160 961 1201; x_wconf 89' lang='lat' dir='ltr'><strong>quae</strong></span> <span class='ocrx_word' id='word_1_108' title='bbox 991 1146 1059 1186; x_wconf 82' lang='lat' dir='ltr'><strong>fit:</strong></span> <span class='ocrx_word' id='word_1_109' title='bbox 1093 1148 1154 1193; x_wconf 82' lang='grc' dir='ltr'><strong>εἰς</strong></span> <span class='ocrx_word' id='word_1_110' title='bbox 1185 1144 1265 1189; x_wconf 78' lang='grc' dir='ltr'><strong>τόν</strong></span> <span class='ocrx_word' id='word_1_111' title='bbox 1298 1138 1499 1201; x_wconf 80' lang='grc' dir='ltr'><em>Χριστόν</em></span> <span class='ocrx_word' id='word_1_112' title='bbox 1535 1138 1685 1200; x_wconf 84' lang='grc' dir='ltr'><em>μόνον</em></span> 
     </span>
     <span class='ocr_line' id='line_1_15' title="bbox 225 1212 1686 1277; baseline 0.001 -18"><span class='ocrx_word' id='word_1_113' title='bbox 225 1216 301 1260; x_wconf 78' lang='grc' dir='ltr'><strong>καὶ</strong></span> <span class='ocrx_word' id='word_1_114' title='bbox 328 1221 508 1273; x_wconf 75' lang='grc' dir='ltr'><em>κυρίως,</em></span> <span class='ocrx_word' id='word_1_115' title='bbox 546 1212 682 1260; x_wconf 75' lang='grc' dir='ltr'><strong>κατοῖ</strong></span> <span class='ocrx_word' id='word_1_116' title='bbox 718 1213 894 1277; x_wconf 77' lang='grc' dir='ltr'><em>ῥητόν</em></span> <span class='ocrx_word' id='word_1_117' title='bbox 921 1218 1013 1262; x_wconf 77' lang='grc' dir='ltr'><strong>καὶ</strong></span> <span class='ocrx_word' id='word_1_118' title='bbox 1041 1219 1168 1262; x_wconf 71' lang='grc' dir='ltr'><em>καθ’</em></span> <span class='ocrx_word' id='word_1_119' title='bbox 1206 1219 1492 1277; x_wconf 79' lang='grc' dir='ltr'><em>ἱστορίαν,</em></span> <span class='ocrx_word' id='word_1_120' title='bbox 1549 1222 1686 1262; x_wconf 87' lang='lat' dir='ltr'><strong>Voca-</strong></span> 
     </span>
     <span class='ocr_line' id='line_1_16' title="bbox 226 1287 1685 1350; baseline 0.003 -19"><span class='ocrx_word' id='word_1_121' title='bbox 226 1291 373 1331; x_wconf 88' lang='lat' dir='ltr'><strong>bulum</strong></span> <span class='ocrx_word' id='word_1_122' title='bbox 400 1290 570 1348; x_wconf 75' lang='grc' dir='ltr'><em>θεωριά</em></span> <span class='ocrx_word' id='word_1_123' title='bbox 598 1293 763 1347; x_wconf 89' lang='lat' dir='ltr'><strong>saepius</strong></span> <span class='ocrx_word' id='word_1_124' title='bbox 794 1294 905 1333; x_wconf 84' lang='lat' dir='ltr'><strong>idem</strong></span> <span class='ocrx_word' id='word_1_125' title='bbox 936 1303 1023 1345; x_wconf 89' lang='lat' dir='ltr'><strong>est,</strong></span> <span class='ocrx_word' id='word_1_126' title='bbox 1063 1295 1177 1349; x_wconf 81' lang='lat' dir='ltr'><strong>quod</strong></span> <span class='ocrx_word' id='word_1_127' title='bbox 1217 1295 1342 1334; x_wconf 86' lang='lat' dir='ltr'><strong>etiam</strong></span> <span class='ocrx_word' id='word_1_128' title='bbox 1381 1287 1685 1350; x_wconf 79' lang='grc' dir='ltr'><em>φιλοσόφημα,</em></span> 
     </span>
     <span class='ocr_line' id='line_1_17' title="bbox 229 1359 1688 1424; baseline 0.002 -18"><span class='ocrx_word' id='word_1_129' title='bbox 229 1359 616 1422; x_wconf 68' lang='grc' dir='ltr'><em>φιλοσόφεμενον,</em></span> <span class='ocrx_word' id='word_1_130' title='bbox 648 1366 909 1423; x_wconf 82' lang='grc' dir='ltr'><em>φιλοσοφειν</em></span> <span class='ocrx_word' id='word_1_131' title='bbox 939 1376 1020 1408; x_wconf 85' lang='lat' dir='ltr'><strong>etc.</strong></span> <span class='ocrx_word' id='word_1_132' title='bbox 1051 1368 1218 1419; x_wconf 79' lang='lat' dir='ltr'><strong>(licitur,</strong></span> <span class='ocrx_word' id='word_1_133' title='bbox 1254 1369 1461 1424; x_wconf 82' lang='lat' dir='ltr'><strong>cujusque</strong></span> <span class='ocrx_word' id='word_1_134' title='bbox 1489 1369 1688 1424; x_wconf 89' lang='lat' dir='ltr'><strong>proprie-</strong></span> 
     </span>
    </p>
   </div>
   <div class='ocr_carea' id='block_1_3' title="bbox 229 1440 1708 1498">
    <p class='ocr_par' dir='ltr' id='par_1_3' title="bbox 229 1440 1708 1498">
     <span class='ocr_line' id='line_1_18' title="bbox 229 1440 1708 1498; baseline 0.003 -19"><span class='ocrx_word' id='word_1_135' title='bbox 229 1440 362 1479; x_wconf 90' lang='lat' dir='ltr'><strong>tasin</strong></span> <span class='ocrx_word' id='word_1_136' title='bbox 392 1452 444 1479; x_wconf 94' lang='lat' dir='ltr'><strong>eo</strong></span> <span class='ocrx_word' id='word_1_137' title='bbox 476 1441 689 1491; x_wconf 81' lang='lat' dir='ltr'><strong>consistit,</strong></span> <span class='ocrx_word' id='word_1_138' title='bbox 728 1442 842 1496; x_wconf 85' lang='lat' dir='ltr'><strong>quod</strong></span> <span class='ocrx_word' id='word_1_139' title='bbox 875 1458 897 1481; x_wconf 89' lang='lat' dir='ltr'><strong>a</strong></span> <span class='ocrx_word' id='word_1_140' title='bbox 935 1442 1147 1495; x_wconf 88' lang='lat' dir='ltr'><strong>scriptura</strong></span> <span class='ocrx_word' id='word_1_141' title='bbox 1193 1456 1308 1482; x_wconf 88' lang='lat' dir='ltr'><strong>sacra</strong></span> <span class='ocrx_word' id='word_1_142' title='bbox 1354 1444 1524 1498; x_wconf 86' lang='lat' dir='ltr'><strong>quidem</strong></span> <span class='ocrx_word' id='word_1_143' title='bbox 1565 1444 1708 1498; x_wconf 42' lang='lat' dir='ltr'><strong>egres</strong></span> 
     </span>
    </p>
   </div>
   <div class='ocr_carea' id='block_1_4' title="bbox 229 1511 1692 2668">
    <p class='ocr_par' dir='ltr' id='par_1_4' title="bbox 229 1511 1692 2668">
     <span class='ocr_line' id='line_1_19' title="bbox 230 1511 1688 1570; baseline 0.004 -20"><span class='ocrx_word' id='word_1_144' title='bbox 230 1511 347 1551; x_wconf 85' lang='lat' dir='ltr'><strong>diens</strong></span> <span class='ocrx_word' id='word_1_145' title='bbox 362 1518 475 1562; x_wconf 85' lang='lat' dir='ltr'><strong>(nam</strong></span> <span class='ocrx_word' id='word_1_146' title='bbox 497 1513 635 1552; x_wconf 88' lang='lat' dir='ltr'><strong>nullus</strong></span> <span class='ocrx_word' id='word_1_147' title='bbox 660 1527 801 1553; x_wconf 90' lang='lat' dir='ltr'><strong>sermo</strong></span> <span class='ocrx_word' id='word_1_148' title='bbox 823 1528 942 1554; x_wconf 86' lang='lat' dir='ltr'><strong>sacer</strong></span> <span class='ocrx_word' id='word_1_149' title='bbox 970 1514 1012 1552; x_wconf 88' lang='lat' dir='ltr'><strong>in</strong></span> <span class='ocrx_word' id='word_1_150' title='bbox 1030 1514 1196 1568; x_wconf 86' lang='lat' dir='ltr'><strong>antiqua</strong></span> <span class='ocrx_word' id='word_1_151' title='bbox 1211 1514 1388 1553; x_wconf 88' lang='lat' dir='ltr'><strong>ecclesia</strong></span> <span class='ocrx_word' id='word_1_152' title='bbox 1404 1515 1561 1570; x_wconf 87' lang='lat' dir='ltr'><strong>absque</strong></span> <span class='ocrx_word' id='word_1_153' title='bbox 1584 1517 1688 1556; x_wconf 86' lang='lat' dir='ltr'><strong>scri-</strong></span> 
     </span>
     <span class='ocr_line' id='line_1_20' title="bbox 229 1586 1686 1643; baseline 0.003 -19"><span class='ocrx_word' id='word_1_154' title='bbox 229 1593 355 1638; x_wconf 86' lang='lat' dir='ltr'><strong>ptura</strong></span> <span class='ocrx_word' id='word_1_155' title='bbox 367 1586 466 1637; x_wconf 88' lang='lat' dir='ltr'><strong>est),</strong></span> <span class='ocrx_word' id='word_1_156' title='bbox 487 1587 578 1641; x_wconf 87' lang='lat' dir='ltr'><strong>ejus</strong></span> <span class='ocrx_word' id='word_1_157' title='bbox 602 1596 741 1629; x_wconf 90' lang='lat' dir='ltr'><strong>tamen</strong></span> <span class='ocrx_word' id='word_1_158' title='bbox 753 1597 915 1628; x_wconf 85' lang='lat' dir='ltr'><strong>textum</strong></span> <span class='ocrx_word' id='word_1_159' title='bbox 928 1597 970 1628; x_wconf 91' lang='lat' dir='ltr'><strong>et</strong></span> <span class='ocrx_word' id='word_1_160' title='bbox 994 1589 1177 1628; x_wconf 87' lang='lat' dir='ltr'><strong>litteram</strong></span> <span class='ocrx_word' id='word_1_161' title='bbox 1201 1602 1283 1627; x_wconf 90' lang='lat' dir='ltr'><strong>non</strong></span> <span class='ocrx_word' id='word_1_162' title='bbox 1300 1601 1448 1641; x_wconf 88' lang='lat' dir='ltr'><strong>presse</strong></span> <span class='ocrx_word' id='word_1_163' title='bbox 1471 1597 1686 1643; x_wconf 86' lang='lat' dir='ltr'><strong>sequatur,</strong></span> 
     </span>
     <span class='ocr_line' id='line_1_21' title="bbox 231 1658 1687 1716; baseline 0.001 -18"><span class='ocrx_word' id='word_1_164' title='bbox 231 1658 306 1698; x_wconf 85' lang='lat' dir='ltr'><strong>sed</strong></span> <span class='ocrx_word' id='word_1_165' title='bbox 332 1672 414 1712; x_wconf 91' lang='lat' dir='ltr'><strong>pro</strong></span> <span class='ocrx_word' id='word_1_166' title='bbox 444 1660 613 1714; x_wconf 85' lang='lat' dir='ltr'><strong>ingenio</strong></span> <span class='ocrx_word' id='word_1_167' title='bbox 647 1668 691 1700; x_wconf 90' lang='lat' dir='ltr'><strong>et</strong></span> <span class='ocrx_word' id='word_1_168' title='bbox 718 1669 808 1701; x_wconf 88' lang='lat' dir='ltr'><strong>arte</strong></span> <span class='ocrx_word' id='word_1_169' title='bbox 841 1661 1058 1700; x_wconf 85' lang='lat' dir='ltr'><strong>dialectica</strong></span> <span class='ocrx_word' id='word_1_170' title='bbox 1085 1674 1252 1700; x_wconf 87' lang='lat' dir='ltr'><strong>sensum</strong></span> <span class='ocrx_word' id='word_1_171' title='bbox 1282 1660 1584 1711; x_wconf 87' lang='lat' dir='ltr'><strong>constitueret,</strong></span> <span class='ocrx_word' id='word_1_172' title='bbox 1614 1660 1687 1716; x_wconf 83' lang='lat' dir='ltr'><strong>qui</strong></span> 
     </span>
     <span class='ocr_line' id='line_1_22' title="bbox 231 1733 1688 1788; baseline 0.002 -16"><span class='ocrx_word' id='word_1_173' title='bbox 231 1733 410 1774; x_wconf 90' lang='lat' dir='ltr'><strong>consilio</strong></span> <span class='ocrx_word' id='word_1_174' title='bbox 456 1733 637 1772; x_wconf 86' lang='lat' dir='ltr'><strong>oratoris</strong></span> <span class='ocrx_word' id='word_1_175' title='bbox 689 1742 809 1788; x_wconf 85' lang='lat' dir='ltr'><strong>aptus</strong></span> <span class='ocrx_word' id='word_1_176' title='bbox 847 1733 1083 1774; x_wconf 84' lang='lat' dir='ltr'><strong>videbatur.</strong></span> <span class='ocrx_word' id='word_1_177' title='bbox 1159 1734 1271 1773; x_wconf 89' lang='lat' dir='ltr'><strong>Hinc</strong></span> <span class='ocrx_word' id='word_1_178' title='bbox 1318 1733 1472 1774; x_wconf 79' lang='lat' dir='ltr'><strong>factum</strong></span> <span class='ocrx_word' id='word_1_179' title='bbox 1513 1741 1602 1786; x_wconf 88' lang='lat' dir='ltr'><strong>est,</strong></span> <span class='ocrx_word' id='word_1_180' title='bbox 1639 1743 1688 1775; x_wconf 90' lang='lat' dir='ltr'><strong>ut</strong></span> 
     </span>
     <span class='ocr_line' id='line_1_23' title="bbox 229 1799 1689 1863; baseline 0 -16"><span class='ocrx_word' id='word_1_181' title='bbox 229 1799 401 1861; x_wconf 77' lang='grc' dir='ltr'><em>θεωριοῖ</em></span> <span class='ocrx_word' id='word_1_182' title='bbox 433 1815 477 1846; x_wconf 91' lang='lat' dir='ltr'><strong>et</strong></span> <span class='ocrx_word' id='word_1_183' title='bbox 505 1799 743 1862; x_wconf 63' lang='lat' dir='ltr'><strong>a’Mosont‘a</strong></span> <span class='ocrx_word' id='word_1_184' title='bbox 773 1808 937 1861; x_wconf 88' lang='lat' dir='ltr'><strong>saepius</strong></span> <span class='ocrx_word' id='word_1_185' title='bbox 967 1817 1049 1848; x_wconf 87' lang='lat' dir='ltr'><strong>tam</strong></span> <span class='ocrx_word' id='word_1_186' title='bbox 1080 1807 1123 1847; x_wconf 89' lang='lat' dir='ltr'><strong>in</strong></span> <span class='ocrx_word' id='word_1_187' title='bbox 1151 1807 1363 1861; x_wconf 82' lang='lat' dir='ltr'><strong>principio</strong></span> <span class='ocrx_word' id='word_1_188' title='bbox 1395 1822 1517 1863; x_wconf 73' lang='lat' dir='ltr'><strong>quam</strong></span> <span class='ocrx_word' id='word_1_189' title='bbox 1546 1809 1588 1848; x_wconf 88' lang='lat' dir='ltr'><strong>in</strong></span> <span class='ocrx_word' id='word_1_190' title='bbox 1627 1807 1689 1848; x_wconf 72' lang='lat' dir='ltr'><strong>ef-</strong></span> 
     </span>
     <span class='ocr_line' id='line_1_24' title="bbox 231 1879 1411 1934; baseline 0 -14"><span class='ocrx_word' id='word_1_191' title='bbox 231 1879 351 1920; x_wconf 87' lang='lat' dir='ltr'><strong>fectu</strong></span> <span class='ocrx_word' id='word_1_192' title='bbox 383 1879 494 1919; x_wconf 88' lang='lat' dir='ltr'><strong>inter</strong></span> <span class='ocrx_word' id='word_1_193' title='bbox 523 1894 568 1920; x_wconf 90' lang='lat' dir='ltr'><strong>se</strong></span> <span class='ocrx_word' id='word_1_194' title='bbox 598 1894 683 1919; x_wconf 91' lang='lat' dir='ltr'><strong>non</strong></span> <span class='ocrx_word' id='word_1_195' title='bbox 713 1879 966 1931; x_wconf 82' lang='lat' dir='ltr'><strong>differrent,</strong></span> <span class='ocrx_word' id='word_1_196' title='bbox 997 1881 1071 1920; x_wconf 89' lang='lat' dir='ltr'><strong>sed</strong></span> <span class='ocrx_word' id='word_1_197' title='bbox 1101 1881 1411 1934; x_wconf 86' lang='lat' dir='ltr'><strong>conspirarent.</strong></span> 
     </span>
     <span class='ocr_line' id='line_1_25' title="bbox 341 1952 1687 1993; baseline -0.001 -1"><span class='ocrx_word' id='word_1_198' title='bbox 341 1952 689 1992; x_wconf 90' lang='lat' dir='ltr'><strong>Consentientem</strong></span> <span class='ocrx_word' id='word_1_199' title='bbox 719 1953 761 1992; x_wconf 91' lang='lat' dir='ltr'><strong>in</strong></span> <span class='ocrx_word' id='word_1_200' title='bbox 790 1953 854 1992; x_wconf 92' lang='lat' dir='ltr'><strong>his</strong></span> <span class='ocrx_word' id='word_1_201' title='bbox 883 1953 1082 1992; x_wconf 88' lang='lat' dir='ltr'><strong>habemus</strong></span> <span class='ocrx_word' id='word_1_202' title='bbox 1113 1954 1396 1993; x_wconf 88' lang='lat' dir='ltr'><strong>acutissimum</strong></span> <span class='ocrx_word' id='word_1_203' title='bbox 1431 1953 1580 1992; x_wconf 88' lang='lat' dir='ltr'><strong>harum</strong></span> <span class='ocrx_word' id='word_1_204' title='bbox 1618 1966 1687 1992; x_wconf 90' lang='lat' dir='ltr'><strong>re-</strong></span> 
     </span>
     <span class='ocr_line' id='line_1_26' title="bbox 232 2026 1690 2081; baseline 0 -17"><span class='ocrx_word' id='word_1_205' title='bbox 232 2040 328 2065; x_wconf 91' lang='lat' dir='ltr'><strong>rum</strong></span> <span class='ocrx_word' id='word_1_206' title='bbox 366 2026 676 2066; x_wconf 79' lang='lat' dir='ltr'><strong>aestimatorem</strong></span> <span class='ocrx_word' id='word_1_207' title='bbox 720 2036 845 2081; x_wconf 87' lang='lat' dir='ltr'><strong>atque</strong></span> <span class='ocrx_word' id='word_1_208' title='bbox 885 2027 1178 2080; x_wconf 80' lang='lat' dir='ltr'><strong>interpretem.</strong></span> <span class='ocrx_word' id='word_1_209' title='bbox 1259 2027 1306 2066; x_wconf 93' lang='lat' dir='ltr'><strong>In</strong></span> <span class='ocrx_word' id='word_1_210' title='bbox 1335 2029 1375 2067; x_wconf 91' lang='lat' dir='ltr'><strong>J.</strong></span> <span class='ocrx_word' id='word_1_211' title='bbox 1418 2028 1468 2067; x_wconf 87' lang='lat' dir='ltr'><strong>A.</strong></span> <span class='ocrx_word' id='word_1_212' title='bbox 1499 2027 1690 2066; x_wconf 75' lang='lat' dir='ltr'><strong>Ernescii</strong></span> 
     </span>
     <span class='ocr_line' id='line_1_27' title="bbox 235 2097 1690 2155; baseline 0.001 -16"><span class='ocrx_word' id='word_1_213' title='bbox 235 2097 464 2152; x_wconf 89' lang='lat' dir='ltr'><strong>Opusculis</strong></span> <span class='ocrx_word' id='word_1_214' title='bbox 491 2099 622 2139; x_wconf 86' lang='lat' dir='ltr'><strong>theol.</strong></span> <span class='ocrx_word' id='word_1_215' title='bbox 654 2100 752 2139; x_wconf 88' lang='lat' dir='ltr'><strong>edit.</strong></span> <span class='ocrx_word' id='word_1_216' title='bbox 785 2113 821 2139; x_wconf 81' lang='lat'><strong>2.</strong></span> <span class='ocrx_word' id='word_1_217' title='bbox 851 2100 966 2153; x_wconf 82' lang='lat' dir='ltr'><strong>Lips.</strong></span> <span class='ocrx_word' id='word_1_218' title='bbox 1010 2102 1176 2155; x_wconf 75' lang='lat'>¹792·8·</span> <span class='ocrx_word' id='word_1_219' title='bbox 1219 2100 1442 2141; x_wconf 82' lang='lat' dir='ltr'><strong>exhibetur</strong></span> <span class='ocrx_word' id='word_1_220' title='bbox 1470 2102 1690 2142; x_wconf 79' lang='lat' dir='ltr'><strong>Narratio</strong></span> 
     </span>
     <span class='ocr_line' id='line_1_28' title="bbox 236 2173 1690 2227; baseline 0 -14"><span class='ocrx_word' id='word_1_221' title='bbox 236 2175 392 2213; x_wconf 79' lang='lat' dir='ltr'><strong>critica</strong></span> <span class='ocrx_word' id='word_1_222' title='bbox 422 2173 474 2212; x_wconf 83' lang='lat' dir='ltr'><strong>de</strong></span> <span class='ocrx_word' id='word_1_223' title='bbox 504 2175 858 2227; x_wconf 78' lang='lat' dir='ltr'><strong>interpretatione</strong></span> <span class='ocrx_word' id='word_1_224' title='bbox 897 2174 1238 2227; x_wconf 75' lang='lat' dir='ltr'><strong>Proplzeliarum</strong></span> <span class='ocrx_word' id='word_1_225' title='bbox 1276 2175 1599 2214; x_wconf 68' lang='lat' dir='ltr'><strong>,Messianarmn</strong></span> <span class='ocrx_word' id='word_1_226' title='bbox 1642 2175 1690 2213; x_wconf 82' lang='lat' dir='ltr'><strong>in</strong></span> 
     </span>
     <span class='ocr_line' id='line_1_29' title="bbox 237 2245 1691 2301; baseline -0.001 -14"><span class='ocrx_word' id='word_1_227' title='bbox 237 2249 414 2287; x_wconf 80' lang='lat' dir='ltr'><strong>ecclesia</strong></span> <span class='ocrx_word' id='word_1_228' title='bbox 445 2248 558 2295; x_wconf 62' lang='lat' dir='ltr'><strong>clun,</strong></span> <span class='ocrx_word' id='word_1_229' title='bbox 587 2245 660 2286; x_wconf 88' lang='lat' dir='ltr'><strong>ubi</strong></span> <span class='ocrx_word' id='word_1_230' title='bbox 690 2247 812 2299; x_wconf 87' lang='lat' dir='ltr'><strong>plura</strong></span> <span class='ocrx_word' id='word_1_231' title='bbox 853 2247 905 2287; x_wconf 84' lang='lat' dir='ltr'><strong>de</strong></span> <span class='ocrx_word' id='word_1_232' title='bbox 945 2247 1300 2301; x_wconf 84' lang='lat' dir='ltr'><strong>interpretatione</strong></span> <span class='ocrx_word' id='word_1_233' title='bbox 1343 2247 1568 2296; x_wconf 89' lang='lat' dir='ltr'><strong>historica,</strong></span> <span class='ocrx_word' id='word_1_234' title='bbox 1606 2260 1691 2299; x_wconf 87' lang='lat' dir='ltr'><strong>my-</strong></span> 
     </span>
     <span class='ocr_line' id='line_1_30' title="bbox 236 2318 1690 2375; baseline -0.002 -14"><span class='ocrx_word' id='word_1_235' title='bbox 236 2321 362 2371; x_wconf 87' lang='lat' dir='ltr'><strong>stica,</strong></span> <span class='ocrx_word' id='word_1_236' title='bbox 391 2318 618 2373; x_wconf 81' lang='lat' dir='ltr'><strong>allegorica</strong></span> <span class='ocrx_word' id='word_1_237' title='bbox 649 2329 730 2360; x_wconf 87' lang='lat' dir='ltr'><strong>etc.</strong></span> <span class='ocrx_word' id='word_1_238' title='bbox 762 2321 813 2360; x_wconf 86' lang='lat' dir='ltr'><strong>ad</strong></span> <span class='ocrx_word' id='word_1_239' title='bbox 842 2320 1035 2360; x_wconf 87' lang='lat' dir='ltr'><strong>amussim</strong></span> <span class='ocrx_word' id='word_1_240' title='bbox 1065 2329 1160 2360; x_wconf 89' lang='lat' dir='ltr'><strong>sunt</strong></span> <span class='ocrx_word' id='word_1_241' title='bbox 1189 2321 1391 2375; x_wconf 82' lang='lat' dir='ltr'><strong>exposita.</strong></span> <span class='ocrx_word' id='word_1_242' title='bbox 1431 2322 1545 2359; x_wconf 90' lang='lat' dir='ltr'><strong>Dum</strong></span> <span class='ocrx_word' id='word_1_243' title='bbox 1557 2319 1690 2358; x_wconf 79' lang='lat' dir='ltr'><strong>lecto-</strong></span> 
     </span>
     <span class='ocr_line' id='line_1_31' title="bbox 236 2392 1690 2446; baseline -0.001 -13"><span class='ocrx_word' id='word_1_244' title='bbox 236 2407 307 2433; x_wconf 89' lang='lat' dir='ltr'><strong>res</strong></span> <span class='ocrx_word' id='word_1_245' title='bbox 354 2395 405 2434; x_wconf 84' lang='lat' dir='ltr'><strong>ad</strong></span> <span class='ocrx_word' id='word_1_246' title='bbox 454 2394 560 2434; x_wconf 90' lang='lat' dir='ltr'><strong>hanc</strong></span> <span class='ocrx_word' id='word_1_247' title='bbox 603 2393 887 2433; x_wconf 82' lang='lat' dir='ltr'><strong>(lectissimam</strong></span> <span class='ocrx_word' id='word_1_248' title='bbox 928 2393 1265 2433; x_wconf 79' lang='lat' dir='ltr'><strong>dissertationem</strong></span> <span class='ocrx_word' id='word_1_249' title='bbox 1307 2392 1567 2446; x_wconf 82' lang='lat' dir='ltr'><strong>ablegamus,</strong></span> <span class='ocrx_word' id='word_1_250' title='bbox 1609 2406 1690 2446; x_wconf 89' lang='lat' dir='ltr'><strong>pro</strong></span> 
     </span>
     <span class='ocr_line' id='line_1_32' title="bbox 237 2466 1692 2520; baseline -0.001 -14"><span class='ocrx_word' id='word_1_251' title='bbox 237 2466 414 2507; x_wconf 90' lang='lat' dir='ltr'><strong>consilio</strong></span> <span class='ocrx_word' id='word_1_252' title='bbox 445 2476 592 2507; x_wconf 90' lang='lat' dir='ltr'><strong>nostro</strong></span> <span class='ocrx_word' id='word_1_253' title='bbox 634 2467 677 2506; x_wconf 81' lang='lat' dir='ltr'><strong>id</strong></span> <span class='ocrx_word' id='word_1_254' title='bbox 705 2466 839 2506; x_wconf 91' lang='lat' dir='ltr'><strong>solum</strong></span> <span class='ocrx_word' id='word_1_255' title='bbox 872 2480 922 2506; x_wconf 87' lang='lat' dir='ltr'><strong>ex</strong></span> <span class='ocrx_word' id='word_1_256' title='bbox 968 2466 1035 2505; x_wconf 89' lang='lat' dir='ltr'><strong>illa</strong></span> <span class='ocrx_word' id='word_1_257' title='bbox 1065 2466 1282 2519; x_wconf 76' lang='lat' dir='ltr'><strong>eligimus,</strong></span> <span class='ocrx_word' id='word_1_258' title='bbox 1324 2466 1437 2520; x_wconf 85' lang='lat' dir='ltr'><strong>quod</strong></span> <span class='ocrx_word' id='word_1_259' title='bbox 1466 2479 1508 2518; x_wconf 88' lang='lat' dir='ltr'><strong>p.</strong></span> <span class='ocrx_word' id='word_1_260' title='bbox 1538 2469 1619 2519; x_wconf 64' lang='lat'><strong>[349</strong></span> <span class='ocrx_word' id='word_1_261' title='bbox 1641 2489 1692 2496; x_wconf 89' lang='lat'><strong>—-</strong></span> 
     </span>
     <span class='ocr_line' id='line_1_33' title="bbox 235 2537 1690 2593; baseline -0.002 -12"><span class='ocrx_word' id='word_1_262' title='bbox 235 2540 330 2586; x_wconf 76' lang='lat'><strong>450.</strong></span> <span class='ocrx_word' id='word_1_263' title='bbox 361 2539 413 2580; x_wconf 84' lang='lat' dir='ltr'><strong>(le</strong></span> <span class='ocrx_word' id='word_1_264' title='bbox 443 2541 601 2581; x_wconf 89' lang='lat' dir='ltr'><strong>Nostro</strong></span> <span class='ocrx_word' id='word_1_265' title='bbox 632 2539 838 2593; x_wconf 89' lang='lat' dir='ltr'><strong>scriptum</strong></span> <span class='ocrx_word' id='word_1_266' title='bbox 869 2547 946 2579; x_wconf 80' lang='lat' dir='ltr'><strong>est.</strong></span> <span class='ocrx_word' id='word_1_267' title='bbox 976 2540 1204 2593; x_wconf 75' lang='lat' dir='ltr'><strong>Postquam</strong></span> <span class='ocrx_word' id='word_1_268' title='bbox 1236 2545 1383 2577; x_wconf 83' lang='lat' dir='ltr'><strong>auctor</strong></span> <span class='ocrx_word' id='word_1_269' title='bbox 1412 2537 1463 2576; x_wconf 74' lang='lat' dir='ltr'><strong>cle</strong></span> <span class='ocrx_word' id='word_1_270' title='bbox 1483 2539 1690 2591; x_wconf 76' lang='lat' dir='ltr'><strong>Origenis</strong></span> 
     </span>
     <span class='ocr_line' id='line_1_34' title="bbox 235 2611 1692 2668; baseline 0 -17"><span class='ocrx_word' id='word_1_271' title='bbox 235 2611 590 2666; x_wconf 84' lang='lat' dir='ltr'><strong>interpretatione</strong></span> <span class='ocrx_word' id='word_1_272' title='bbox 629 2613 859 2667; x_wconf 84' lang='lat' dir='ltr'><strong>allegorica</strong></span> <span class='ocrx_word' id='word_1_273' title='bbox 899 2613 1075 2668; x_wconf 86' lang='lat' dir='ltr'><strong>ejusque</strong></span> <span class='ocrx_word' id='word_1_274' title='bbox 1119 2612 1385 2652; x_wconf 86' lang='lat' dir='ltr'><strong>incommodo</strong></span> <span class='ocrx_word' id='word_1_275' title='bbox 1425 2612 1692 2665; x_wconf 81' lang='lat' dir='ltr'><strong>exposuisset</strong></span> 
     </span>
    </p>
   </div>
  </div>
 </body>
</html>
