1773 3032
677 81 975 127 -139—

198 201 244 256 8)
274 201 323 242 Ρ.
355 200 395 242 8.
429 194 568 250 ’Ἁξω
601 193 778 244 αὐτόν
808 201 892 249 εἷς
918 193 1016 248 vtis
1043 208 1229 258 χεῖρας
1258 215 1316 246 σε
1343 194 1401 235 ⁴.-
1427 227 1482 237 -
1506 227 1561 237 —

93 276 282 334 πολλῇ
309 268 605 334 α’σφαλείᾳ.
661 278 917 330 Repugnare
946 276 1051 317 haee
1080 276 1161 315 sibi
1189 274 1403 318 videntur.
1457 279 1563 318 Nam

95 351 271 392 tradere
314 349 362 388 ἰη
392 363 549 389 manus
588 348 701 387 idem
743 357 807 388 est
837 349 951 403 quod
980 348 1192 403 subjicere
1219 349 1448 402 potestati3
1479 349 1563 391 hoc

94 429 233 462 autem
259 420 306 461 fit
323 450 334 472 ,
374 421 474 460 dum
503 422 661 460 animae
700 429 968 460 mortuorum
1014 421 1172 460 intrant
1200 420 1243 460 in
1272 433 1452 475 regnum
1480 424 1565 461 Ha-

94 495 183 547 dis,
218 495 287 535 cui
315 504 488 550 praeter
520 496 682 536 Orcum
711 496 870 535 nullum
900 495 1183 547 territorium,
1213 504 1407 550 potestas
1438 499 1565 549 nulla,

93 562 166 610 διοὶ
209 563 291 616 τιίς
336 563 481 617 πύλας
526 571 578 610 τὲ
623 566 703 628 ᾆδε
743 570 831 622 (Ps.
872 569 944 609 IX.
990 573 1050 616 14.
1098 570 1177 609 les.
1223 569 1456 614 XXXVIII.
1502 584 1563 610 ιο.

92 640 282 696 Sapient.
312 643 425 685 XVI.
463 643 559 695 13.)-

199 715 244 756 Si
272 716 402 770 igitur
429 716 571 756 Hades
616 729 751 756 novos
784 715 973 757 subditos
1005 724 1070 757 est
1099 725 1377 771 recepturus,
1418 727 1565 773 portas

96 803 189 829 suas
221 791 371 844 aperit,
391 798 437 830 ut
468 791 633 844 possint
662 790 835 830 intrare.
869 791 951 829 Hic
979 803 1083 830 vero
1115 790 1313 831 hortatur
1342 792 1567 843 Diabolus,

96 857 340 919 α’σφάλισαι
369 856 449 910 τιὶς
478 857 625 919 θύρας
654 864 703 905 ἐν
730 862 873 921 πολλῇ
902 861 1148 920 α’σφαλείᾳ,
1190 866 1306 919 quod
1346 864 1567 905 consilium

98 937 152 978 de
189 950 275 976 non
317 937 561 990 recipienda
601 936 762 977 Christi
802 938 934 977 anima
965 938 1151 978 indicare
1182 938 1366 980 videtur.
1424 938 1568 992 Pingit

95 1013 256 1052 Noster
284 1009 523 1060 Diabolum,
553 1010 800 1064 magistrum
830 1011 1184 1062 contradictionis,
1214 1012 1440 1065 incertum,
1466 1027 1566 1068 per-

82 1083 338 1134 turbatum,
368 1096 448 1123 nec
478 1082 558 1122 sibi
589 1092 861 1123 constantem.
919 1086 1039 1125 Nunc
1072 1085 1247 1124 animam
1276 1086 1436 1127 Christi
1476 1093 1566 1127 tan-

99 1172 223 1213 quam
253 1157 555 1211 paratissimam
598 1166 811 1211 exspectat
840 1159 1060 1211 praedam,
1100 1160 1351 1214 Hademque
1382 1160 1563 1200 excitat:

100 1225 154 1273 σύ
182 1235 362 1287 ἕτοιμος
390 1232 497 1287 γενέ
525 1232 586 1278 εἰς
614 1225 698 1285 τήν
725 1226 949 1288 ’ὑποδοχήν
981 1231 1090 1275 αὖτέ
1119 1239 1182 1287 (p.
1218 1233 1278 1274 16.
1310 1235 1425 1287 22.);
1455 1246 1564 1273 nunc

100 1320 207 1348 vero
237 1307 436 1347 timorem
482 1314 608 1359 atque
655 1305 884 1345 horrorem
935 1306 1146 1358 sentiens,
1199 1315 1284 1347 tam
1324 1307 1569 1347 terribilem

100 1393 327 1433 personam
367 1388 543 1420 conatur
587 1391 738 1418 arcere
783 1386 907 1433 atque
947 1379 1190 1419 excludere.
1250 1380 1358 1419 Cum
1396 1380 1566 1419 Tertul-

99 1451 211 1492 liano
239 1452 370 1507 igitur
391 1450 635 1491 dicendum:
666 1451 835 1491 Excidit
856 1451 937 1490 sibi
962 1451 1138 1491 coluber
1160 1453 1270 1506 (adv.
1284 1455 1407 1492 Prax.
1425 1467 1460 1493 c.
1489 1452 1566 1507 1.)!

208 1523 295 1564 Sed
322 1527 508 1580 quamtis
539 1523 644 1571 haec
673 1523 914 1575 verissima,
959 1525 1003 1564 in
1042 1533 1189 1566 nostro
1220 1525 1313 1565 loco
1343 1539 1429 1564 non
1458 1540 1566 1580 opus

103 1608 189 1651 est,
226 1599 278 1638 ad
324 1611 373 1638 ea
413 1611 654 1638 recurrere.
721 1597 844 1638 Iubet
889 1598 1095 1639 Diabolus
1141 1600 1342 1639 claudere
1377 1611 1562 1655 portas,

103 1671 186 1728 jam
225 1686 312 1712 non
357 1672 536 1723 Christi,
576 1670 651 1710 sed
696 1669 1012 1724 Prophetarum
1052 1685 1186 1712 causa.
1238 1673 1379 1712 Timet
1414 1686 1566 1712 eorum

104 1745 373 1801 omniumque
401 1746 540 1787 ἐκεῖσε
570 1741 940 1801 ἕγκεκ).εισ,ιιένων
971 1746 1241 1800 eruptionem
1271 1755 1396 1801 atque
1422 1759 1566 1801 egres-

105 1824 216 1870 sum,¹
233 1833 359 1874 quem
387 1821 528 1860 Hades
559 1820 601 1859 in
633 1819 981 1860 antecedentibus
1010 1822 1176 1861 verbis:
1210 1819 1289 1862 ἕείν
1317 1819 1565 1869 &mma-v

104 1892 351 1944 ἐντεῦθεν,
382 1901 448 1933 et:
475 1886 553 1933 ἐάν
583 1889 739 1948 ἔξέλθη
768 1891 821 1934 τό
849 1893 1026 1948 πλῆθος
1058 1909 1096 1935 τ.
1130 1909 1169 1935 κ.
1200 1909 1239 1934 κ.
1270 1887 1311 1935 ιῖ.
1353 1894 1564 1934 innuerat.

104 1964 151 2005 Si
179 1965 308 2018 igitur
334 1979 420 2005 non
449 1965 500 2004 de
522 1967 735 2018 ingressu,
750 1967 826 2007 sed
850 1967 903 2007 de
929 1983 1099 2022 egressu
1128 1968 1413 2023 intelligimuS,
1428 1967 1566 2008 omnia

104 2036 217 2077 bene
247 2040 489 2080 cohaerent.

213 2112 258 2166 9)
288 2113 335 2152 P.
365 2127 403 2168 9.
431 2107 633 2169 Ἠμεῑς
671 2112 736 2156 τοὶ
784 2115 936 2170 ἔθνη
979 2141 1034 2147 -
1059 2142 1115 2149 -
1153 2109 1253 2159 τόν
1292 2111 1564 2174 σταυρόν.

105 2184 259 2224 Mirum
297 2186 434 2227 videri
472 2197 649 2242 posset,
691 2189 941 2229 discriminis
973 2190 1085 2230 inter
1122 2190 1382 2230 Christianos
1414 2204 1467 2231 ex
1495 2192 1569 2230 Ju-

108 2258 222 2298 daeis
252 2267 296 2299 et
328 2261 564 2302 Gentilibus
586 2293 597 2314 ,
626 2263 742 2318 quod
769 2273 966 2318 tempore
999 2265 1233 2320 apostolico
1265 2274 1307 2306 et
1335 2274 1486 2319 postea
1515 2264 1568 2304 ad

106 2344 215 2372 saec.
257 2335 306 2374 11.
346 2335 550 2388 obtinuit,
601 2337 778 2377 Eusebii
829 2338 965 2379 adhuc
1006 2352 1113 2379 aevo
1152 2338 1249 2379 fieri
1291 2338 1565 2380 mentionem.

105 2403 192 2445 Sed
220 2406 302 2447 hoc
331 2410 558 2452 discrimen
589 2412 658 2453 hie
685 2427 770 2452 non
791 2413 1153 2468 deprehenditur3
1185 2415 1259 2455 sed
1276 2421 1566 2468 opponuntur,

107 2482 220 2535 quod
251 2482 374 2522 etiam
404 2484 515 2539 apud
545 2485 918 2539 Chrysostomum,
946 2487 1149 2526 Basilium
1181 2486 1370 2541 aliosque
1400 2485 1461 2536 fit,
1495 2485 1570 2524 Ju-

107 2550 202 2595 daei
231 2554 422 2600 infideles
452 2567 496 2602 et
524 2560 700 2615 gratiam
730 2561 955 2602 salutarem
996 2553 1101 2615 (τήν
1132 2556 1274 2611 ις’ίσιν)
1314 2566 1567 2613 respuentes
