1913 3073
693 188 959 230 -71‘

91 307 493 365 persecutionibus‚‘
506 308 650 363 quales
682 307 759 347 sub
788 307 970 362 imperio
993 306 1226 346 Gentilium
1255 304 1559 359 rempublicam

87 385 244 426 Christi
275 384 534 431 invaserant,
566 385 693 422 timor
723 391 833 421 esset
871 382 1026 420 nullus.
1087 379 1174 419 Sed
1207 387 1336 418 status
1368 380 1560 419 internus

87 460 213 501 variis
243 455 568 504 controversiis,
597 453 890 493 schismatibus
923 463 1047 508 atque
1088 451 1336 492 haeresibus
1378 454 1434 492 ita
1466 459 1558 491 erat

86 529 392 585 perturbatus,
428 536 475 566 ut
514 527 757 580 praesulum
798 526 1182 566 ecclesiasticorum
1232 525 1426 578 officium
1474 539 1558 566 non

85 617 171 644 uno
214 603 383 643 nominc
425 599 683 640 redderetur
713 599 964 653 impeditum
1007 609 1049 639 et
1080 597 1390 638 difficillimum.
1423 599 1558 636 Nemo

85 675 169 716 hoc
197 677 442 726 mirabitur,
474 675 546 730 qui
576 687 628 712 ex
666 674 843 714 historia
876 674 1159 714 ecclesiastica
1190 682 1456 725 compertum
1486 671 1558 712 ha-

91 750 192 800 bet,
224 750 366 805 quales
395 747 544 788 turbae
577 764 599 787 a
637 749 932 795 Novatianis,
958 748 1211 786 Donatistis
1238 747 1559 800 atqueArianis

91 831 192 862 tunc
220 823 429 876 temporis
459 820 619 862 fuerint
647 822 867 861 excitatae.
923 820 987 859 Ab
1010 829 1192 875 utraque
1231 827 1353 873 parte
1381 818 1559 871 Episco-

42 880 45 884 Ι
85 908 165 949 pos
195 894 385 935 videmus
420 894 665 950 depositos,
699 897 827 950 inque
859 895 1052 934 exsilium
1100 895 1274 943 missos,
1306 891 1460 931 iterum
1490 905 1557 931 re-

93 968 264 1008 stitutos
295 977 337 1008 et
378 968 502 1023 paulo
543 979 643 1022 post
686 969 889 1021 rejectos.
948 968 1202 1021 Exemplum
1230 966 1469 1007 Athanasii
1496 964 1558 1002 in·

87 1048 174 1080 star
205 1042 390 1081 omnium
420 1054 511 1081 esse
543 1050 585 1080 et
617 1042 778 1096 optime
811 1041 970 1081 docere
1000 1049 1164 1095 potest,
1190 1038 1334 1095 quales
1353 1038 1426 1078 illo
1451 1046 1556 1077 tem-

86 1114 194 1168 pore
227 1114 556 1154 commotissimo
589 1114 837 1154 Praesulum
867 1113 1255 1154 ecclesiasticorum
1288 1110 1556 1151 conditiones

89 1193 134 1226 et
162 1184 245 1226 fata
275 1186 462 1226 fuerunt.

196 1262 246 1300 II.
303 1263 460 1301 Noster
503 1262 633 1315 igitur
676 1261 775 1300 dum
806 1260 1092 1301 sacerdotium
1122 1261 1354 1302 evi'taturus
1384 1258 1557 1300 secede-

86 1340 180 1383 ret,
235 1342 361 1388 atque
411 1334 690 1374 Alexandriae
736 1334 868 1374 otium
918 1334 1262 1388 philosophicum
1316 1343 1554 1389 expeteret,

87 1407 146 1446 nil
175 1406 287 1446 aliud
317 1405 444 1456 fecit,
476 1421 598 1461 quam
630 1408 746 1462 qnod
774 1423 797 1448 a
825 1408 967 1447 multis
995 1408 1118 1447 huius
1149 1407 1242 1447 aevi
1284 1407 1386 1448 viris
1417 1406 1555 1446 doctis

88 1488 132 1519 et
161 1494 184 1519 a
212 1479 395 1533 partium
425 1479 563 1519 studio
594 1481 922 1521 abhorrentibus
954 1479 1120 1520 factum
1149 1489 1252 1520 erat.
1311 1480 1397 1520 Sed
1424 1478 1552 1530 idem,

88 1553 204 1608 quod
232 1553 372 1592 multis
404 1562 447 1592 et
481 1555 646 1593 coaevis
679 1555 762 1594 suis
793 1554 833 1593 ei
862 1554 1038 1604 accidit,
1059 1555 1149 1594 voti
1179 1554 1243 1594 sui
1271 1568 1356 1593 non
1377 1566 1553 1606 compos

85 1623 242 1674 factus3
275 1641 368 1668 nam
418 1626 739 1668 invitationibus
772 1628 961 1677 Placiti,
1008 1628 1270 1667 successoris
1300 1623 1555 1679 Euphronii,

87 1698 348 1754 aliorumque
379 1701 535 1741 cedens
566 1701 832 1741 Antiochiam
861 1715 1089 1750 reversus,
1140 1699 1286 1754 ibique
1316 1715 1338 1738 a
1368 1697 1552 1738 concilio

86 1787 139 1814 eo
169 1782 365 1829 tempore
396 1772 440 1812 in
469 1773 545 1815 hac
562 1773 669 1813 urbe
690 1782 967 1827 congregem,
981 1774 1218 1827 Episcopus
1232 1773 1554 1823 Alexandriae,

84 1847 127 1886 in
159 1846 298 1886 locum
328 1850 586 1897 Athanasii,
629 1862 756 1902 quem
795 1847 1020 1887 concilium
1050 1847 1100 1886 ad
1128 1840 1325 1887 tenorem
1358 1860 1446 1886 can.
1477 1845 1550 1886 IV.

86 1920 149 1974 (in
176 1922 384 1962 Har-duini
413 1925 509 1963 Act.
541 1924 691 1963 concil.
723 1924 772 1961 T.
803 1924 833 1961 I.
863 1937 905 1975 p.
937 1922 1036 1974 590)
1083 1920 1365 1974 deposuerat,
1396 1917 1478 1957 fuit
1509 1931 1551 1957 e-

82 1992 218 2032 lectus
247 2002 372 2050 atque
404 1996 656 2049 designatus.
692 1996 868 2035 Factum
897 1993 941 2032 id
973 1993 1179 2047 imprimis
1210 1992 1385 2033 consilio
1417 1995 1550 2033 Euse-

84 2066 146 2106 bii
174 2069 544 2117 Nicomediensis,
595 2076 693 2121 post
731 2076 915 2107 mortem
960 2067 1053 2107 Arii
1093 2067 1342 2107 Arianorum
1385 2067 1549 2121 capitis,

82 2148 131 2178 ut
159 2140 363 2181 Socrates
394 2150 438 2181 et
466 2141 727 2181 Sozomenus
759 2150 981 2181 testantur.
1041 2140 1331 2181 convocatum
1366 2139 1445 2179 fuit
1467 2139 1548 2178 hoc

83 2214 307 2254 concilium
334 2214 648 2254 Antiochenum
679 2230 713 2254 a.
744 2216 845 2263 341,
876 2214 1097 2253 occasione
1128 2214 1405 2255 dedicationis
1443 2225 1548 2255 tem-

80 2286 142 2341 pli
170 2285 403 2341 magnifici,
434 2288 547 2341 quod
577 2286 872 2326 Constantinus
903 2287 958 2326 31.
992 2286 1206 2326 aedificari
1236 2288 1439 2341 jusserat,
1469 2288 1547 2327 suh

80 2360 276 2413 auspiciis
307 2359 539 2399 Constantii
581 2361 878 2414 Imperatoris,
922 2360 994 2415 qui
1044 2360 1136 2413 ipse
1185 2361 1405 2408 interfuit,
1465 2364 1550 2402 Eu-

80 2432 198 2473 sebio
230 2432 546 2474 Nicomediensi
577 2443 714 2474 autem
747 2434 956 2488 praesidis
988 2442 1131 2489 partes
1172 2435 1302 2475 dedit.
1361 2435 1546 2475 Histori-

80 2518 144 2543 am
182 2505 305 2558 hujus
347 2506 525 2547 Concilii
566 2507 823 2548 Antiocheni
865 2508 968 2560 (non
1011 2507 1301 2549 confundendi
1341 2523 1436 2549 cum
1479 2522 1547 2557 eo,

80 2577 196 2632 quod
224 2579 383 2620 ibidem
412 2595 447 2622 a.
479 2580 556 2626 361
601 2590 904 2636 congregatum
936 2581 1037 2633 fuit)
1070 2581 1183 2620 libro
1225 2582 1425 2635 singulari
1456 2583 1547 2622 dili-

81 2658 232 2703 genter
261 2654 459 2708 exposuit
486 2656 640 2697 Emezn.
672 2656 966 2696 semler-acen:
1016 2655 1189 2694 Sacrum
1235 2654 1546 2695 Antiochenam
