1867 3053
938 156 1201 200 ...32-

355 277 523 318 nomine
553 277 881 318 sabellianorum
913 276 1128 317 diffamare
1157 275 1362 315 solebant.
1394 273 1459 314 Ab
1475 274 1638 314 Arianis
1668 276 1798 330 igitur

353 357 502 403 postea
532 349 739 390 defecisse
768 349 1002 390 credendus
1032 357 1168 399 esset,
1198 349 1312 403 quod
1339 357 1478 388 tamen
1518 362 1611 388 cum
1651 348 1798 388 verisi-

351 421 588 462 militudine
615 436 806 477 pugnare
834 423 1016 464 videtur.

459 495 656 537 Secundo
695 504 916 546 narratur,
965 497 1269 550 Imperatorem
1319 496 1610 536 Constantium
1658 493 1797 549 magni

348 567 501 610 fecisse
534 570 736 607 Nostrum
767 581 946 622 eumque
986 568 1028 606 in
1066 567 1406 621 expeditionibus
1445 567 1607 607 bellicis
1648 567 1797 607 adver-

348 654 418 681 sus
459 641 669 680 Barbaros
714 642 904 694 (Persas)
942 641 1139 680 comitem
1177 640 1383 680 habuisse.
1455 642 1545 679 Jam
1591 654 1693 680 vcro
1723 641 1795 679 ille

348 713 583 765 Imperator
610 713 774 752 Arianis
813 712 1002 763 favebat,
1045 713 1226 767 indeque
1265 713 1544 766 probabiliter
1583 710 1797 752 concludi-

346 793 441 834 tur,
470 785 700 825 Eusebium
729 798 813 824 nou
842 785 892 823 ad
921 785 1219 824 Athanasianos
1246 785 1473 824 transiisse.
1530 783 1618 822 Sed
1645 796 1698 822 ex
1725 782 1795 821 illa

343 857 582 897 narratione
611 856 724 896 aliud
752 856 887 896 adhuc
918 865 1104 910 apparet.
1148 856 1408 896 Sozomenus
1441 856 1542 896 dicit
1574 856 1637 910 (p.
1669 855 1793 908 27o):

342 930 547 988 Ἐγένετο
579 929 628 972 δὲ
663 930 959 986 Κωνσταντίῳ
998 931 1058 987 τῷ
1085 930 1268 972 Βασιλεῖ
1307 926 1642 986 κεχαρισμένος,
1679 921 1794 982 α’μὲ-

342 1004 478 1046 λειτοι
505 1004 639 1060 ἥνικα
664 1001 860 1058 Πέρσαις
890 997 1220 1059 ἐπιστρατεύειν
1258 1002 1469 1057 ἔμελλεν,
1509 996 1645 1045 αὐτόν
1684 999 1795 1056 ἐπή-

339 1093 455 1136 γετο·
492 1077 659 1135 λέγεται
698 1072 781 1135 γοῖρ
821 1072 1000 1120 πολλοι1
1044 1077 1093 1119 δί
1134 1076 1268 1119 αὐτίκ’
1311 1076 1795 1133 θαυματεςργῆσαι

337 1145 400 1194 τό
429 1154 618 1193 θεῖον.
676 1151 803 1210 Quod
833 1151 958 1204 paulo
989 1149 1224 1190 accuratius
1266 1149 1524 1203 designatum
1557 1157 1622 1189 est
1657 1163 1679 1188 a
1719 1149 1795 1188 So-

342 1231 480 1265 crate:
514 1223 620 1268 ’Ότι
646 1222 719 1265 καὶ
750 1218 773 1266 0‘
805 1224 1025 1270 Βασιλεύς
1054 1216 1193 1264 αὐτόν
1221 1219 1294 1265 ἐπί
1325 1221 1401 1269 vels-
1428 1216 1657 1278 βαρβάρες
1687 1213 1794 1263 α’πι-

340 1291 404 1339 ω“ν
432 1291 593 1354 α’πῆγε·
621 1295 716 1339 καὶ
747 1296 831 1340 ὅτι
859 1290 1127 1351 τεράστια
1167 1296 1225 1337 ἐν
1265 1300 1390 1342 ταῖς
1427 1293 1612 1352 χερσίν
1655 1293 1796 1337 αΰτὲ

340 1370 565 1429 ἐγένετο
605 1369 664 1423 *).
740 1369 971 1410 Commode
1012 1369 1117 1409 haec
1155 1381 1208 1407 ex
1245 1367 1401 1408 Photio
1442 1383 1464 1408 a
1501 1367 1624 1407 nobis
1666 1381 1794 1420 supra

339 1443 507 1483 laudato
551 1441 752 1481 illustrari
796 1449 984 1495 possunt.
1051 1440 1224 1484 Verba:
1273 1432 1329 1481 τοῖ
1368 1433 1574 1497 τεράστια
1608 1440 1656 1481 ἐν
1697 1444 1792 1486 ταῖς

338 1514 489 1573 χερσὶν
518 1507 627 1556 αὖτέ
657 1513 709 1553 ad
738 1515 852 1554 illum
880 1512 1170 1569 βαίτυλον
1211 1511 1437 1552 referenda
1474 1512 1696 1562 videntur,
1738 1512 1792 1550 de

340 1603 424 1645 quo
457 1587 567 1641 apud
596 1586 796 1626 Photium
826 1587 1006 1640 legitur-3
1052 1584 1137 1641 ἤδη
1171 1583 1217 1629 δὲ
1245 1582 1355 1627 πότε
1384 1582 1457 1626 καὶ
1485 1585 1534 1625 ἐν
1561 1581 1678 1640 χερσὶ
1705 1583 1794 1638 βα-

337 1660 614 1715 σταζομενον
645 1660 697 1700 τὲ
722 1652 1079 1714 θεραπεύοντοςε
1119 1654 1265 1713 ὄνομα
1304 1651 1340 1698 δ”
1371 1650 1429 1713 ἦν
1464 1657 1524 1714 τῷ
1564 1649 1793 1712 θεραπεύ-

338 1750 436 1778 οντι
487 1729 568 1777 τόν
615 1732 829 1790 βαίτυλον
864 1732 1097 1790 Εὕσεβίος.
1166 1732 1231 1773 Cf.
1279 1744 1385 1787 quae
1425 1730 1564 1770 addita
1603 1737 1699 1768 sunt
1737 1728 1790 1767 de

336 1805 619 1865 χρησμῳὸιᾳ,
648 1807 805 1847 virtute
836 1807 989 1859 baetyli
1019 1807 1142 1846 edita.
1184 1805 1407 1858 Utcunque
1436 1802 1512 1851 sit,
1541 1798 1793 1854 Imperatori

339 1880 611 1932 Constantio,
645 1893 770 1934 quem
801 1879 844 1919 in
881 1879 1184 1932 superstitione
1223 1875 1478 1915 simillimum
1516 1872 1644 1912 fuisse
1680 1872 1792 1926 patri

338 1966 415 1993 suo
448 1951 720 1993 Constantino
749 1953 803 1991 M.
835 1960 998 1992 constat
1030 1950 1105 2005 (cf.
1129 1951 1240 1990 inter
1261 1947 1415 1987 multos
1442 1953 1574 1985 testes
1587 1943 1790 1983 Ammian.

337 2025 526 2066 Marcell.
555 2025 716 2065 Histor.
745 2025 818 2066 lib.
858 2026 969 2065 XXI.
1000 2038 1036 2065 c.
1073 2023 1182 2077 16.),
1221 2018 1558 2075 exoptatissimus
1597 2024 1688 2056 erat
1724 2015 1792 2056 vir

338 2099 430 2140 talis
460 2096 794 2157 θαυματεργός.

449 2173 545 2212 Non
576 2171 755 2225 dicitur,
787 2186 872 2226 quo
905 2184 1012 2211 anno
1045 2169 1090 2209 id
1118 2166 1300 2219 factum,
1332 2180 1454 2221 quam
1484 2164 1556 2204 diu
1586 2165 1628 2202 in
1657 2164 1792 2217 Impe-

338 2246 493 2287 ratoris
524 2245 725 2286 societate
754 2244 980 2298 manserit,
1008 2251 1052 2283 et
1093 2256 1146 2282 an
1186 2248 1230 2280 et
1267 2237 1433 2295 quando
1471 2237 1523 2278 ad
1559 2237 1790 2276 Emesenos

408 2488 447 2531 ')
478 2488 520 2520 In
550 2485 903 2531 Christoplzorsom'i
924 2485 1094 2518 versione
1123 2483 1238 2516 latina
1262 2480 1354 2514 haee
1379 2479 1515 2524 legitur
1538 2476 1788 2522 paraphrasist

482 2551 578 2585 Tum
604 2562 670 2596 pro
698 2555 799 2583 certo
826 2541 1054 2593 compertum
1084 2560 1180 2590 esse,
1207 2551 1441 2593 portentosas
1475 2543 1650 2591 quasdam
1683 2555 1791 2589 prae—

475 2618 601 2663 stigias
627 2616 672 2649 ab
699 2616 778 2661 ipso
805 2614 922 2647 editas
949 2614 1079 2648 fuisse.
