1867 3053
922 227 1191 273 -44-

339 349 635 392 notaverimus.
712 352 875 392 Eorum
928 365 1113 405 namque
1176 350 1299 393 dicta
1354 362 1409 392 ex
1476 349 1782 404 antiquissimo

339 417 620 470 Apostolicae
647 418 935 458 Bibliothecae
963 431 1120 470 graeco
1152 425 1353 458 extracta
1390 426 1486 456 sunt
1527 416 1700 463 codice,
1743 414 1787 452 in

340 496 425 536 quo
455 483 602 521 literae
634 483 811 522 caducae
841 491 960 524 erant
992 483 1120 533 adeo,
1159 492 1206 523 ut
1249 482 1317 523 vix
1354 481 1439 535 legi
1476 490 1672 534 possent,
1712 480 1788 520 ubi

339 547 449 586 nulla
480 547 604 585 etiam
634 547 930 600 reperiebatur
959 547 1042 587 loci
1071 547 1334 600 assignatio“.
1392 548 1428 588 E
1458 547 1602 590 codice
1632 560 1787 601 graeco

339 612 540 666 (Catenae
569 626 768 666 graecae,
804 622 851 652 ut
882 613 1068 664 videtur)
1119 613 1251 670 igitur
1292 622 1336 656 et
1383 621 1531 653 noster
1578 612 1788 653 Eusebius

339 678 563 717 translatus
596 685 685 727 est3
715 677 758 716 id
788 679 902 735 quod
933 677 1059 721 fidem
1089 686 1225 731 auget.
1284 677 1387 718 Cum
1416 686 1636 729 praeterea
1668 676 1792 719 vidis·-

337 756 448 792 sem,
480 743 646 781 citatum
679 756 770 782 esse
813 742 862 781 ab
894 751 1067 782 auctore
1110 745 1352 782 versionem
1393 743 1628 798 Syriacam
1669 745 1790 796 (pro-
1866 792 1867 796 Ἰ

337 807 535 849 culdubio
566 809 888 848 ecclesiasticam
918 809 1039 859 illam,
1072 823 1176 864 quae
1206 810 1403 850 Peschito
1438 808 1613 858 dicitur,
1646 822 1791 865 quam-
1866 817 1867 882 l

346 887 429 927 que
461 875 582 913 etiam
614 875 826 928 Ephraem
859 876 987 930 Syrus
1046 883 1347 915 commentatus
1401 880 1497 924 est),
1546 882 1796 929 textumque

340 939 619 988 Hebraieum,
649 955 733 980 non
764 940 919 980 diutius
953 949 1166 982 cunctatus
1198 955 1310 990 sum,
1347 939 1423 979 hos
1453 940 1568 979 locos
1599 953 1679 992 pro
1720 951 1792 991 ge-

334 1005 470 1043 nuinis
502 1005 676 1044 Eusebii
705 1007 906 1045 Emeseni
937 1006 1183 1060 fragmentis
1214 1005 1373 1047 habere
1404 1014 1446 1047 et
1476 1015 1667 1064 tanquam
1695 1005 1791 1047 talia

336 1084 429 1109 cum
459 1070 691 1110 lectoribus
727 1072 1050 1113 communicare.

441 1137 487 1174 In
517 1149 649 1188 opere
679 1136 831 1188 amplo,
858 1136 972 1190 quod
1001 1137 1166 1179 tilulum
1196 1137 1329 1190 gerit:
1359 1138 1591 1191 Eoepositio
1607 1138 1792 1176 Patrum

337 1203 606 1241 Graecorum
637 1204 681 1241 in
711 1203 927 1245 Psalmos,
987 1203 1148 1242 Graece
1194 1212 1231 1243 et
1271 1205 1427 1245 Latine
1467 1204 1584 1243 edita
1615 1217 1644 1242 a
1686 1204 1792 1243 Bal-

335 1270 444 1308 thas.
477 1268 706 1307 Cor-derio.
763 1267 1023 1320 Antverpiae
1060 1268 1174 1313 1646,
1206 1270 1254 1307 Τ.
1287 1270 1305 1309 Ι
1333 1293 1386 1299 —-
1417 1269 1484 1308 ΙΙΙ.
1516 1267 1544 1308 f.
1574 1276 1640 1308 tot
1701 1269 1795 1308 Επ-

335 1345 479 1388 cerpta
511 1335 756 1374 Eusebiana
787 1332 1053 1383 exhibentur,
1083 1342 1130 1376 ut
1161 1334 1255 1388 plus
1289 1348 1409 1391 quam
1434 1334 1635 1377 decimam
1659 1333 1791 1374 totius

333 1401 477 1455 operis
510 1402 706 1454 expleant
739 1408 912 1454 partem.
970 1399 1055 1440 Sed
1089 1399 1260 1453 quinam
1291 1407 1385 1442 sunt
1418 1400 1477 1438 illi
1507 1399 1646 1438 ubivis
1678 1399 1795 1453 pagi-

331 1481 478 1505 narum
521 1474 795 1506 occurrentes
837 1463 1041 1503 Eusebii?
1106 1464 1319 1506 Interdum
1361 1464 1529 1518 quidem
1568 1458 1794 1519 Εὕσερἰος

330 1531 601 1587 Καισαρεῖας
634 1531 905 1580 declaratur,
937 1529 990 1570 de
1019 1529 1193 1585 reliquis
1224 1537 1361 1572 tamen.
1405 1530 1581 1569 multum
1624 1529 1796 1582 ambigi-

331 1607 413 1638 tur.
475 1599 589 1637 Inter
621 1610 694 1636 eos
725 1609 816 1635 esse
858 1597 1082 1645 Nostrum,
1124 1595 1216 1649 quis
1260 1609 1343 1633 non
1386 1595 1650 1636 crediderit?
1707 1595 1794 1634 Sed

332 1661 625 1702 difficillimum
655 1674 775 1711 sane⁷
814 1674 864 1700 ne
907 1660 1038 1699 dicam
1080 1658 1362 1713 impossihile,
1408 1662 1651 1713 negotium,
1692 1661 1793 1715 quid

331 1731 372 1769 ei
402 1736 636 1781 competat,
668 1735 710 1766 et
740 1726 839 1781 quid
869 1740 976 1773 non,
1008 1726 1223 1766 evincere.
1296 1727 1434 1764 LocOs
1465 1725 1707 1778 speciminis
1735 1733 1795 1764 at-

333 1807 416 1848 que
465 1793 646 1846 exempli
691 1806 810 1831 causa
840 1791 1084 1845 subjunctos
1115 1791 1226 1830 inter
1253 1791 1407 1829 multos
1437 1791 1538 1831 alios
1579 1790 1795 1843 eligendos

331 1860 499 1913 putavi,
533 1859 646 1913 quod
684 1858 726 1896 in
756 1858 815 1896 eis
845 1858 1135 1910 cognationem
1176 1857 1377 1914 quandam
1407 1864 1449 1895 et
1478 1856 1790 1895 similitudinem

332 1939 426 1965 cum
457 1923 714 1964 orationibus
746 1922 996 1961 Eusebianis
1028 1922 1407 1975 deprehenderem.
1437 1923 1481 1960 In
1520 1935 1602 1975 quo
1633 1921 1790 1974 judicio

333 1991 484 2030 dextre
517 1991 739 2029 sinistreve
770 1997 958 2028 versatus
990 1988 1089 2038 sim,
1119 1988 1305 2041 judicent
1338 1987 1592 2042 peritiores,
1639 1987 1791 2040 quibus

331 2058 398 2110 id,
429 2057 543 2112 quod
572 2057 721 2104 sentio,
752 2055 949 2094 lubenter
981 2053 1195 2094 submitto.

439 2123 581 2163 Habes
622 2121 776 2175 igitur,
827 2121 966 2160 lector
1018 2120 1254 2171 benevole,
1305 2119 1539 2174 fragmenta
1597 2119 1794 2160 nonnulla

332 2189 550 2243 exegetica
582 2202 605 2227 e
637 2188 801 2227 Catenis
834 2189 1006 2226 Patrum
1038 2187 1237 2235 collecta,
1270 2200 1376 2241 quae
1408 2200 1458 2225 cx
1488 2199 1584 2226 meo
1619 2185 1790 2241 quidem

332 2257 489 2312 judicio
543 2255 730 2293 Eusebio
782 2256 991 2293 Emeseno
1050 2252 1328 2306 probabiliter
1377 2260 1552 2305 possunt
1592 2250 1784 2290 adscribi.

331 2322 567 2362 Eusebiana
597 2330 714 2360 certe
745 2329 870 2369 sunt3
903 2333 980 2359 nec
1008 2319 1183 2358 multum
1215 2318 1391 2358 fortasse
1424 2318 1629 2364 intererit,
1643 2325 1783 2356 utrum

332 2387 521 2440 magistri
573 2386 865 2425 Caesareensis
888 2416 898 2435 ‚
949 2400 998 2424 an
1049 2384 1242 2436 discipuli
1309 2384 1505 2422 Emeseni
1560 2381 1784 2421 habeamus

333 2452 518 2493 Scholia.
598 2451 822 2504 Utcunque
880 2450 933 2489 sit
959 2479 971 2500 ‚
1029 2457 1072 2487 le
1126 2447 1412 2501 fragmentulis
1460 2447 1524 2486 his
1580 2446 1788 2498 exiguum,

333 2518 450 2571 quod
488 2516 686 2570 implent,
732 2525 911 2569 spatium
951 2514 1075 2554 facile
1118 2526 1209 2552 esse
1255 2526 1580 2562 concessurum,
1619 2511 1783 2551 confido

334 2595 540 2638 rogoque·
