1867 3053
943 149 1209 192 ...96-

482 267 523 307 h.
554 281 590 308 e.
630 267 830 308 Eusebius
859 269 1080 308 Chemzoio
1108 267 1378 318 (Emesenus)
1408 274 1661 324 composuit:

736 334 916 373 Librum
956 334 1168 373 adversus
1198 336 1418 380 halac-os,-

576 401 854 453 Quaestiones
898 401 943 437 in
988 399 1121 438 Vetus
1159 401 1531 449 (Testamentum)
1551 420 1565 448 ;

574 467 815 505 IIomlliam
844 465 895 504 de
926 466 1153 518 Stephano.

454 529 561 569 Tres
591 530 720 583 igitur
749 537 944 569 recenset
971 526 1128 580 libros,
1172 545 1352 585 quorum
1389 532 1548 584 primus
1578 533 1688 573 idem
1717 543 1795 587 est,

347 601 399 641 (le
439 616 521 656 quo
561 598 808 640 monuimus.
865 603 979 640 Inter
1021 602 1155 642 libros
1191 603 1371 656 proprie
1406 603 1466 642 sic
1507 603 1664 656 dictos,
1703 607 1793 647 sive

349 684 558 716 tractatus
587 667 758 738 (lama)
789 672 950 724 refert,
979 673 1098 730 sique
1125 688 1208 727 pro
1238 677 1421 717 Homilia
1449 677 1675 730 habuisset,
1704 679 1794 718 sine

346 759 475 799 dubio
503 744 627 800 titulo
660 760 871 801 oracionis
900 746 1102 816 (l3>0l>0³
1144 775 1307 812 sermo,
1347 762 1398 801 de
1441 762 1557 815 cujus
1595 761 1798 817 significa-

345 836 530 876 tionibus
560 835 764 878 videndus
807 847 870 877 est
900 840 1176 879 Assemanius
1216 839 1260 883 in
1295 839 1406 879 Bibl.
1448 839 1615 880 Orient.
1645 841 1699 878 Ta
1721 841 1792 880 111.

343 908 392 948 P.
421 910 450 949 Ι.
478 924 521 963 p.
550 909 588 950 3.
619 912 669 950 Τ.
700 910 748 948 11.
780 924 822 963 p.
858 911 943 956 15l1.
974 912 1023 951 T.
1057 912 1086 950 Ι.
1116 925 1157 965 p.
1189 909 1235 950 61
1271 919 1312 950 et
1340 907 1516 964 passim)
1547 925 1644 951 usus
1683 908 1794 951 fuis-

343 990 422 1023 set.
491 980 624 1021 Liber
661 981 894 1035 polemicus
939 983 1069 1037 igitur
1114 983 1312 1023 adversus
1350 984 1558 1035 Judaeos,
1603 997 1686 1039 quo
1717 999 1793 1025 nos

345 1067 560 1105 caremus,
599 1054 710 1107 apud
738 1053 864 1106 Syros
904 1063 1098 1108 tempore
1141 1055 1385 1095 Ebed-Jesu
1427 1055 1561 1096 adhue
1602 1057 1792 1096 extitisse

342 1126 535 1176 videtur3
585 1127 769 1180 quamvis
811 1135 854 1166 et
891 1126 972 1167 hoc
1011 1141 1096 1167 non
1127 1137 1246 1168 extra
1286 1141 1451 1167 omnem
1489 1128 1794 1169 dubitationem

342 1197 396 1238 sit
423 1197 621 1251 positum.
679 1199 774 1237 Non
803 1198 905 1238 dicit
934 1199 1067 1250 enim,
1113 1199 1246 1239 adhue
1274 1208 1417 1239 extare
1457 1213 1586 1255 seque
1624 1200 1793 1254 legisse,

343 1269 420 1309 sed
450 1269 699 1323 simpliciter
727 1279 921 1325 tanquam
950 1272 1153 1325 scriptum
1182 1270 1354 1310 Eusebii
1383 1281 1592 1312 recenset.

452 1341 570 1381 Idem
617 1342 727 1383 valet
769 1342 820 1381 de
851 1343 1014 1383 duobus
1044 1344 1132 1383 aliis
1162 1344 1355 1397 scriptis,
1385 1358 1564 1398 quorum
1592 1345 1704 1401 solus
1731 1346 1796 1385 E·-

340 1413 548 1454 bed-Jesu
575 1414 775 1457 meminit.
833 1415 967 1476 Quam
995 1416 1195 1456 vellemus
1225 1423 1389 1465 autem,
1434 1425 1480 1455 ut
1513 1419 1796 1471 Quaestiones

343 1489 388 1526 in
425 1496 547 1526 vetus
586 1496 879 1526 testamentum
918 1488 1110 1541 pluribus
1167 1487 1486 1540 descripsisset,
1535 1497 1582 1528 ut
1631 1490 1792 1541 saltem,

343 1559 464 1614 quale
495 1558 627 1598 fuerit
657 1572 763 1611 opus
792 1559 899 1610 hoc⁷
931 1560 1042 1613 quod
1072 1560 1113 1597 in
1143 1559 1362 1598 maximum
1399 1560 1635 1600 litterarum
1665 1562 1795 1601 detri-

341 1640 529 1671 mentum
557 1631 745 1681 interiit,
777 1631 1034 1685 aliquatenus
1064 1631 1390 1684 intelligeretur.
1445 1634 1563 1671 Nunc
1592 1646 1697 1673 vero
1736 1634 1794 1673 nil

343 1712 532 1753 certum,
563 1717 685 1756 quam
715 1702 817 1742 illud
837 1733 848 1752 ,
878 1703 928 1742 de
959 1717 1042 1758 quo
1074 1704 1307 1756 scriptores
1351 1712 1445 1743 ante
1474 1719 1580 1750 saec.
1609 1706 1706 1744 XIII
1734 1714 1793 1746 ta-

343 1785 462 1827 cent,
491 1777 746 1814 Emesenum
774 1783 964 1815 nostrum
992 1774 1149 1814 veteris
1180 1789 1348 1829 quoque
1380 1777 1636 1817 Testamenti
1664 1775 1793 1818 fuisse

343 1860 637 1913 interpretem.
693 1860 796 1898 Nam
817 1859 983 1898 titulus:
1018 1860 1295 1913 Quaestiones
1323 1844 1480 1924 (ῙᾷῧίῙῖ
1510 1874 1594 1901 non
1616 1870 1679 1901 est
1708 1876 1793 1902 vox

347 1938 540 1991 Syriaca,
568 1951 661 1976 nam
688 1936 865 1977 verbum
896 1937 1090 1975 sudam
1119 1936 1322 1990 siguificat
1351 1937 1504 1988 irrisit,
1548 1939 1654 1978 male
1682 1948 1792 1979 trac-

344 2011 448 2051 tavit
486 2018 577 2060 etc;
622 2010 697 2049 sed
737 2010 998 2049 Graecorum
1029 2002 1224 2063 ζήτημα,
1255 2010 1371 2065 quod
1410 2012 1452 2050 in
1480 2012 1678 2052 versione
1708 2026 1790 2065 syr.

345 2084 492 2123 Actor.
524 2083 675 2124 XVIII.
720 2083 779 2123 15.
819 2079 995 2136 legitur)
1039 2095 1122 2122 non
1162 2082 1346 2122 indolem
1384 2083 1687 2137 homileticam,
1717 2085 1791 2124 sed

347 2155 604 2209 exegetieam
634 2153 818 2193 indicare
849 2154 969 2193 solet.

452 2228 650 2266 Homilia
680 2225 731 2265 de
759 2228 977 2280 Stephano
1005 2226 1208 2266 tractabat
1237 2236 1539 2282 argumentum,
1570 2230 1682 2285 quod
1702 2230 1793 2269 Ho-

346 2299 512 2338 miletae
545 2298 756 2337 christiani
786 2311 837 2337 eo
868 2307 1089 2351 tempore,
1113 2312 1195 2352 quo
1224 2301 1468 2351 Martyrium
1496 2302 1537 2340 in
1566 2311 1680 2342 tanto
1710 2300 1790 2341 fuit

346 2370 532 2419 honore,
563 2383 663 2423 prae
694 2370 847 2409 ceteris
877 2382 1031 2409 amasse
1060 2370 1278 2420 videntum
1322 2386 1415 2410 nam
1441 2372 1482 2410 in
1513 2372 1701 2412 omnibus
1730 2372 1792 2413 fc-

347 2456 395 2482 re
425 2442 700 2482 Sermonibus
730 2442 781 2481 de
806 2440 978 2492 Sanctis,
1003 2442 1262 2495 Stephanus,
1294 2435 1318 2483 ὁ
1346 2438 1679 2499 πρωτομάρ-τυρ,
1699 2459 1792 2484 ora-

346 2514 528 2553 tionibus
557 2514 817 2569 panegyricis
848 2513 1101 2553 celebratur.
1159 2516 1256 2554 Sine
1287 2515 1413 2555 dubio
1445 2525 1486 2556 et
1514 2517 1615 2555 haec
1646 2517 1790 2555 Nostri

348 2586 483 2625 oratio
514 2586 733 2638 deperdita
761 2586 948 2640 ejusdem
977 2595 1067 2626 erat
1099 2588 1266 2641 generis
1296 2597 1338 2628 et
1367 2590 1540 2640 indolis,
1579 2596 1625 2627 ut
1655 2588 1789 2628 oratio

348 2657 400 2696 de
429 2658 589 2698 Joanne
617 2658 816 2711 Baptista.
